4092 6117
887 565 968 631 ul).
993 568 1088 633 1346.
1675 571 1737 636 808

280 849 323 912 Et
337 851 379 913 de
395 873 484 916 xus.
501 853 541 915 de
567 850 693 916 Thomu
719 853 832 938 Fclyot
861 873 919 937 pro
944 853 989 916 di.
1004 853 1027 916 f.
1054 856 1088 916 in
1119 853 1239 930 Sroun,
1262 849 1363 938 [quod
1388 851 1454 917 fuit
1482 853 1635 918 Willelmi
1663 853 1737 918 Fitz

241 935 368 1021 Waryn,
384 940 468 1002 sicut
483 942 692 1004 continentur
704 939 782 1027 etc]
1070 973 1078 988 ·

278 1081 323 1145 nt
336 1083 377 1146 de
391 1106 421 1148 v.
431 1108 457 1150 a.
473 1087 514 1149 de
528 1087 654 1169 Rogerc
676 1087 717 1150 de
741 1086 982 1170 Bysshopeston
1009 1107 1067 1169 pro
1090 1091 1204 1149 octava
1225 1092 1316 1169 parte
1342 1087 1365 1172 j.
1383 1087 1406 1152 f.
1424 1109 1468 1152 m.
1484 1089 1517 1149 in
1535 1088 1733 1166 Wonscoru‚

235 1189 295 1251 que
311 1169 376 1234 suit
391 1172 522 1235 Ricardi
538 1174 579 1237 de
594 1173 711 1237 Monte
726 1173 872 1250 visonta,
888 1175 974 1236 sicnt
990 1175 1177 1236 continetur
1193 1179 1256 1238 etc.

278 1315 322 1377 ut
337 1315 377 1379 de
391 1339 442 1382 xx.
453 1343 478 1382 a.
494 1320 535 1382 de
550 1318 697 1382 Johanne
713 1320 752 1381 de
768 1318 906 1382 Grafton
923 1323 956 1381 et
971 1318 1111 1403 Hugone
1127 1320 1166 1381 de
1181 1317 1325 1402 Cckesey
1341 1341 1399 1402 pro
1425 1320 1469 1384 di.
1486 1321 1509 1385 f.
1525 1321 1560 1383 in
1578 1321 1733 1388 daimon

232 1406 264 1464 et
281 1403 389 1469 Psuvs
404 1403 577 1471 Conuersus
591 1405 676 1488 quod
690 1407 757 1469 fuit
773 1407 940 1469 Edmundi
956 1407 997 1469 de
1013 1405 1164 1483 Graitcn,
1180 1407 1265 1469 sicut
1279 1408 1467 1471 continetur
1482 1413 1543 1470 etc.

278 1546 322 1610 Et
336 1548 378 1612 de
393 1573 480 1616 rua.
497 1552 537 1613 de
565 1550 704 1636 Hugone
730 1551 770 1614 de
796 1549 960 1634 Cokeseye
986 1556 1020 1614 et
1047 1547 1207 1614 Nicholao
1231 1551 1365 1634 Somery
1381 1573 1437 1635 pro
1459 1553 1505 1618 di.
1522 1551 1546 1616 f.
1562 1553 1597 1616 in
1613 1553 1734 1618 Munus

236 1634 407 1702 Couusnrn
422 1644 459 1700 et
474 1639 622 1716 Krurou,
638 1639 724 1724 quod
739 1638 805 1701 init
820 1637 979 1700 Willelmi
995 1639 1034 1700 de
1049 1637 1196 1720 Kynton,
1213 1639 1298 1702 sicut
1312 1642 1499 1702 continetur
1512 1646 1576 1704 etc.

277 1781 321 1844 Et
335 1781 376 1844 de
391 1802 457 1847 Μ.
473 1783 513 1845 de
528 1783 679 1845 Matillde
695 1781 820 1860 Haket,
833 1803 897 1865 que
923 1783 989 1845 fuit
1014 1803 1094 1844 uxor
1117 1781 1252 1846 Roberti
1275 1784 1315 1846 de
1341 1782 1512 1866 Leycestre
1539 1803 1595 1866 pro
1620 1791 1735 1846 octava

233 1874 325 2018 ppcrte
336 1866 363 1952 j.
379 1869 402 1935 f.
418 1892 464 1934 m.
480 1872 513 1932 in
538 1870 677 1947 Goeren,
691 1891 754 1953 que
776 1869 843 1932 fuit
869 1870 1007 1952 predicti
1033 1868 1166 1934 Roberti
1191 1870 1231 1933 de
1255 1869 1436 1954 Leycestrs,
1450 1871 1536 1933 sicut
1550 1873 1734 1934 continetur

276 2098 320 2162 Et
334 2100 375 2162 de
390 2121 457 2164 nr.
473 2101 513 2163 de
528 2100 630 2163 Lucia
652 2101 693 2163 de
717 2099 907 2183 Hodynton,
933 2120 995 2184 que
1019 2098 1085 2162 fuit
1111 2120 1187 2162 uxor
1213 2101 1389 2164 Alexandri
1411 2101 1451 2164 ds
1478 2101 1659 2181 Hodinton,
1675 2125 1732 2187 pro

232 2187 596 2338 &pappopapppleetjmtmertp
611 2188 646 2250 in
670 2186 796 2253 Coenon
812 2195 847 2250 et
862 2187 1006 2264 Mrrrou,
1021 2208 1085 2271 que
1110 2188 1177 2250 fuit
1202 2188 1330 2251 heredis
1353 2187 1512 2252 Johannis
1537 2189 1577 2252 de
1603 2190 1734 2268 Gostcn,

276 2417 319 2482 Et
334 2419 375 2482 de
389 2441 440 2484 rr.
451 2442 478 2484 s.
493 2420 534 2483 de
550 2418 742 2483 Grimbaldo
757 2417 940 2482 Panncefot
954 2439 1013 2501 pro
1028 2419 1072 2482 di.
1083 2418 1107 2482 f.
1120 2418 1154 2480 in
1172 2419 1414 2499 Bnunrnnncn,
1427 2419 1513 2502 qnod
1523 2419 1733 2486 Grimbaldus

232 2505 421 2586 Pauncet'ot,
437 2512 625 2569 antecessor
639 2506 782 2588 predicti
796 2507 855 2590 qui
869 2514 1035 2583 nuncest,
1051 2505 1215 2590 quondam
1229 2508 1350 2586 tenuit,
1367 2508 1453 2570 sicut
1468 2508 1652 2571 continetur
1670 2517 1734 2576 etc.

276 2651 321 2713 Et
336 2651 377 2714 de
392 2672 442 2716 rnr.
452 2674 479 2716 a.
495 2650 536 2713 de
561 2649 703 2712 Henrico
729 2649 863 2733 Sturmy
889 2671 946 2734 pro
966 2650 1010 2713 di.
1028 2652 1050 2715 f.
1066 2653 1101 2713 in
1116 2652 1285 2729 Eusenos,
1302 2650 1387 2736 quod
1404 2649 1537 2715 heredes
1552 2643 1687 2717 Henrici
1703 2657 1734 2718 le

231 2738 385 2821 Esturrny
400 2743 586 2816 tenuerunt,
600 2737 685 2800 sicut
700 2739 886 2800 continetur
899 2744 962 2801 etc.

275 2882 320 2946 Et
333 2882 374 2945 de
390 2905 441 2947 rr.
451 2903 477 2948 s.
492 2882 534 2946 de
547 2881 686 2944 Ricardo
701 2881 782 2944 Bran
797 2881 837 2945 de
853 2880 957 2965 Wych
981 2901 1039 2965 pro
1066 2880 1111 2946 di.
1129 2881 1152 2946 f.
1168 2884 1203 2944 in
1220 2883 1433 2960 Dovnnnsnn,
1450 2883 1535 2966 quod
1551 2884 1736 2949 Willelmus

231 2967 320 3120 ἔξω
334 2969 500 3054 Radulphi
514 2969 556 3032 de
572 2969 750 3033 Doverdale
765 2977 799 3033 et
814 2971 992 3053 participes
1007 2970 1058 3032 sui
1073 2969 1233 3054 quondam
1248 2977 1440 3048 tennerunt,
1452 2973 1538 3035 sicut
1552 2975 1737 3038 continetur

275 3203 319 3265 Et
334 3203 373 3266 ds
389 3224 477 3267 rra,
493 3203 534 3266 de
550 3200 698 3265 Johanne
722 3201 847 3266 Blount
871 3222 928 3284 pro
951 3201 997 3264 di.
1011 3200 1036 3266 f.
1051 3201 1084 3264 in
1114 3201 1276 3268 Hsurrou
1304 3202 1435 3268 Lovnrr
1461 3202 1546 3286 quod
1572 3203 1735 3269 Johannes

232 3292 333 3354 Lovet
347 3290 510 3374 quondam
525 3291 636 3352 tenuit
650 3296 712 3352 etc.
728 3291 814 3352 sicut
828 3290 1018 3352 continetur
1033 3295 1096 3353 etc.

275 3437 320 3502 Et
334 3438 375 3500 de
392 3455 458 3501 ns.
475 3435 514 3497 dc
529 3434 691 3497 Willelmc
706 3434 746 3496 de
761 3431 973 3516 Hethereghe
1000 3454 1059 3516 pro
1085 3439 1201 3517 quarta
1224 3439 1314 3517 purte
1337 3434 1361 3518 j.
1377 3433 1399 3498 f.
1416 3455 1461 3498 nr.
1479 3436 1512 3497 in
1541 3436 1733 3517 Duucnsur,

232 3545 329 3607 quam
344 3524 484 3586 Thomas
498 3523 539 3585 de
556 3520 769 3606 Hethereghe
785 3521 949 3604 quondam
964 3521 1087 3601 tenuit,
1104 3522 1188 3584 sicut
1203 3522 1388 3584 continetur
1400 3528 1464 3588 etc.

275 3671 319 3734 Et
333 3671 374 3734 de
389 3692 477 3734 xus.
504 3668 545 3731 de
571 3667 669 3732 Petro
695 3668 726 3730 le
753 3663 908 3743 Frenshe,
935 3671 1124 3749 preceptore
1150 3665 1263 3728 Sancti
1289 3665 1446 3728 Wclstani
1474 3665 1650 3751 wigornie,
1676 3690 1733 3752 pro

231 3760 275 3822 di.
292 3759 315 3822 f.
331 3760 366 3820 in
382 3759 609 3823 Curnnswrcn
625 3762 659 3817 et
674 3755 898 3832 Wrurucwrr‚
918 3753 1005 3834 quod
1029 3757 1195 3836 preceptor
1220 3753 1332 3815 Sancti
1350 3752 1509 3816 Wolstani
1536 3754 1675 3837 predicti
1699 3763 1733 3819 et

230 3844 369 3909 Thomas
383 3846 422 3908 dc
438 3841 550 3906 Lench
566 3842 729 3926 quondam
744 3847 936 3917 tenuerunt,
951 3841 1037 3903 sicut
1052 3840 1239 3903 continetur
1254 3847 1315 3904 etc.

274 3990 317 4054 Et
331 3990 371 4053 de
386 4011 452 4054 uc.
468 3991 509 4052 de
524 3987 670 4051 Johanne
685 3987 716 4050 le
732 3989 854 4051 Blount
869 4007 927 4070 pro
941 3991 1056 4050 octava
1071 3994 1162 4072 parte
1174 3988 1200 4070 j.
1216 3987 1239 4052 f.
1257 4008 1301 4052 m.
1318 3988 1352 4050 in
1369 3986 1657 4066 F1nnnusruurun,
1669 4009 1733 4072 que

231 4079 296 4142 fuit
310 4077 443 4141 Ricardi
457 4076 490 4138 le
507 4074 655 4154 Botiller,
671 4077 758 4137 sicut
772 4075 959 4138 continetur
974 4080 1042 4139 etc.

274 4225 319 4288 Et
333 4226 375 4289 de
390 4247 456 4289 ns.
472 4224 513 4287 de
529 4221 679 4287 Johanne
694 4222 820 4285 Rokulf
841 4243 898 4306 pro
923 4229 1039 4308 quarta
1065 4229 1155 4307 parte
1180 4223 1205 4308 j.
1222 4221 1246 4287 f.
1262 4243 1307 4288 m.
1322 4223 1357 4283 in
1373 4221 1491 4288 Lsuon
1508 4223 1656 4302 Renunr,
1673 4245 1734 4309 que

231 4314 295 4376 fuit
310 4311 469 4376 Willelmi
484 4310 615 4390 Rckulf,
631 4312 716 4373 sicut
730 4311 918 4373 continetur
933 4319 996 4376 etc.

274 4457 318 4521 Et
333 4458 373 4520 de
388 4479 439 4522 xx.
452 4481 478 4520 s.
493 4458 533 4520 de
549 4455 712 4519 willelmo
728 4452 847 4518 Gorbet
862 4476 919 4538 pro
934 4456 980 4520 di.
996 4455 1019 4521 f.
1035 4461 1099 4519 etc.
1115 4456 1150 4517 in
1166 4455 1425 4532 (incenderentur,
1443 4456 1529 4539 quod
1551 4455 1733 4520 Wiilelmns

231 4544 358 4619 Corhnt,
394 4552 577 4609 antecessor
613 4543 752 4627 predicti
782 4543 941 4605 Willelmi
978 4543 1036 4626 qui
1073 4563 1160 4604 nuno
1198 4552 1260 4619 est,
1290 4541 1453 4627 quondam
1489 4544 1612 4620 tenuit,
1649 4545 1733 4607 sicut

230 4634 414 4696 continetur
430 4639 493 4695 etc.

272 4777 317 4841 Et
331 4777 372 4840 de
387 4799 438 4842 rx.
448 4801 475 4842 r.
492 4777 533 4839 de
548 4775 713 4839 Willelmo
727 4775 821 4838 Traci
837 4796 895 4858 pro
909 4776 954 4839 di.
975 4775 998 4840 f.
1014 4777 1047 4837 in
1066 4777 1300 4854 Kruonssonn,
1316 4775 1401 4858 quod
1418 4774 1603 4838 Willelmns
1626 4774 1732 4853 Tusci,

229 4871 410 4929 antecessor
425 4864 562 4948 predicti
578 4864 734 4926 Willelmi
750 4864 804 4947 qni
821 4883 908 4925 nunc
924 4872 986 4939 est,
1000 4864 1165 4946 quondam
1182 4865 1302 4939 tenuit,
1318 4864 1403 4925 sicut
1417 4863 1602 4925 continetur
1616 4875 1678 4926 etc.

273 5011 318 5071 Et
332 5011 371 5073 de
386 5031 452 5074 uc.
469 5008 509 5071 de
523 5007 671 5071 Johanne
686 5008 726 5071 ds
741 5007 929 5090 Somervyle
944 5017 978 5070 et
994 5006 1118 5069 Thomu
1133 5006 1266 5090 Somery
1282 5026 1338 5088 pro
1354 5013 1472 5090 quarta
1487 5011 1580 5088 parte
1606 5005 1630 5090 j.
1646 5006 1668 5067 f.
1686 5027 1731 5070 nr.

229 5098 264 5159 in
281 5097 430 5175 Krurou,
448 5115 511 5181 que
524 5094 591 5157 fuit
605 5095 746 5178 Pauliny
761 5096 801 5158 de
818 5094 957 5177 Kerdyff
968 5101 1003 5158 et
1017 5094 1154 5157 Robsrti
1171 5092 1317 5176 Sonmry,
1332 5094 1418 5156 sicut
1433 5094 1621 5156 continetur
1636 5098 1699 5158 etc.

271 5240 314 5303 Et
330 5241 371 5304 de
385 5263 415 5305 x.
425 5263 452 5306 s.
468 5241 508 5302 de
522 5238 678 5322 Philippo
693 5240 800 5322 Irreys
815 5260 871 5323 pro
882 5245 1010 5322 ,quarta
1036 5253 1127 5321 parte
1147 5238 1174 5320 j.
1190 5239 1214 5302 f.
1231 5259 1276 5303 m.
1291 5239 1327 5300 in
1351 5236 1492 5302 Moerou
1508 5241 1542 5298 et
1557 5237 1730 5318 Aerwonn,

230 5348 292 5411 que
307 5328 370 5390 fuit
386 5327 517 5390 Ricardi
532 5327 571 5390 de
586 5328 729 5405 Morton‚
745 5329 831 5390 sicut
846 5327 1035 5391 continetur
1049 5332 1113 5389 etc.
