4092 6117
324 580 386 651 192
962 582 1193 653 WARWIGK.

365 868 414 931 De
429 863 573 931 subsidio
587 875 701 952 quarte
718 870 821 952 portis
834 870 859 956 j.
875 872 897 937 f.
916 893 961 937 m.
979 873 1013 935 in
1031 871 1181 939 Srouner
1199 892 1302 956 nuper
1316 870 1447 937 comitis
1465 868 1686 943 Pembroohie.

366 1024 415 1086 De
429 1020 575 1085 subsidio
588 1022 634 1087 di.
650 1023 674 1089 f.
690 1044 736 1089 m.
752 1024 787 1085 in
802 1022 961 1089 Hnsunnr
975 1042 1080 1105 nuper
1095 1022 1225 1091 comitis
1239 1020 1435 1091 Worrewici.

368 1176 418 1240 De
433 1174 577 1239 subsidio
592 1176 638 1242 di.
654 1174 677 1242 i.
692 1194 737 1240 m.
754 1174 788 1236 in
803 1174 983 1279 Bosrnrop
1000 1195 1105 1259 nuper
1119 1174 1279 1242 Willelmi
1295 1175 1462 1259 Wynoote.

367 1329 416 1392 De
444 1328 587 1393 subsidio
613 1330 714 1391 tercie
740 1329 841 1412 partis
867 1330 890 1395 f.
906 1350 952 1395 m.
970 1330 1004 1392 in
1031 1329 1254 1394 Bmuunnsrm
1281 1348 1385 1411 nuper
1408 1326 1567 1395 Willelmi
1584 1326 1625 1391 de
1641 1324 1764 1389 Andele
1790 1335 1826 1387 et

326 1418 429 1480 Alicio
444 1416 485 1480 de
502 1415 672 1483 Morehall.

369 1574 417 1637 De
432 1570 573 1635 subsidio
588 1569 635 1635 di.
652 1569 676 1635 i.
694 1589 740 1635 m.
755 1569 790 1634 in
806 1570 1030 1636 Hnsonoueuu
1046 1590 1148 1654 nuper
1162 1568 1322 1639 Willelmi
1336 1570 1377 1633 de
1394 1568 1535 1636 Meldon.

370 1733 418 1796 De
441 1732 584 1797 subsidio
609 1734 711 1796 tercie
736 1734 840 1817 partic
865 1734 889 1818 j.
903 1735 927 1799 f.
942 1755 988 1800 m.
1013 1735 1048 1797 in
1072 1734 1267 1811 Bonnnous,
1293 1734 1446 1813 Germ,
1472 1734 1635 1799 Hrneson
1660 1732 1772 1799 Ouenr
1791 1736 1825 1793 et

327 1822 462 1887 Nomou
478 1822 591 1889 cccci
608 1841 713 1905 nuper
728 1819 889 1885 Johanuis
904 1822 1101 1906 Hastunges.

368 1977 415 2039 De
430 1975 574 2039 subsidio
588 1976 633 2040 di.
649 1972 671 2037 f.
687 1995 733 2041 m.
750 1975 784 2037 in
799 1974 922 2039 Anowu
937 1982 970 2037 ct
985 1976 1121 2041 Bsonnr
1136 1995 1238 2059 nuper
1251 1974 1376 2041 Thome
1392 1976 1524 2041 Burdet.

368 2129 418 2193 De
433 2126 577 2192 subsidio
590 2127 635 2193 di.
652 2127 676 2193 f.
694 2149 739 2193 rn.
756 2129 790 2189 in
805 2126 1023 2194 Ovsnnnsnur
1038 2147 1140 2211 nuper
1156 2127 1316 2194 Willelmi
1330 2128 1476 2193 Botiller.

368 2283 416 2345 De
430 2281 576 2345 subsidio
590 2289 704 2365 quarte
719 2282 823 2364 pertis
837 2280 861 2365 j.
877 2280 900 2346 f.
918 2301 963 2345 m.
979 2281 1014 2342 in
1032 2281 1234 2346 Lonrnororr
1258 2278 1391 2367 [nuper]
1412 2278 1558 2363 ejusdem
1573 2277 1739 2344 Willelmi.

368 2437 416 2500 De
446 2437 589 2500 subsidio
619 2442 735 2519 quarte
765 2435 869 2518 partis
894 2434 921 2517 j.
952 2435 974 2499 f.
1006 2456 1051 2499 m.
1083 2436 1117 2498 in
1149 2435 1308 2500 Rsnsoun
1336 2435 1448 2502 Srnnu
1480 2428 1615 2519 [nuper]
1644 2430 1758 2515 prioris
1782 2428 1822 2491 de

326 2522 593 2612 Kenill[worth].

366 2679 416 2743 De
432 2676 575 2741 subsidio
590 2676 692 2739 tercie
707 2676 812 2759 partis
827 2674 850 2740 f.
868 2696 913 2739 nr.
929 2675 963 2735 in
979 2674 1152 2739 Enncsros
1168 2675 1202 2736 in
1219 2679 1335 2736 tenura
1350 2672 1507 2736 Johannis
1522 2671 1710 2757 Aylesbury.

368 2834 414 2897 De
429 2832 572 2897 subsidio
586 2834 631 2898 di.
649 2833 672 2897 f.
689 2854 734 2897 m.
750 2832 785 2894 in
801 2832 935 2898 Ossono
950 2849 1052 2912 nuper
1066 2829 1225 2897 Willeimi
1242 2829 1421 2894 Blnnnfnrn
1440 2832 1521 2908 (ric).

366 2986 413 3049 De
428 2986 573 3049 subsidio
587 2989 701 3069 quarte
718 2982 820 3067 partis
837 2984 859 3047 f.
876 3003 921 3046 m.
937 2981 970 3043 in
989 2982 1210 3048 Lunnmoron
1233 2979 1367 3069 [nuper]
1390 2980 1509 3065 prefati
1526 2982 1649 3065 prioris.

367 3136 414 3198 De
429 3136 573 3198 subsidio
590 3140 705 3220 quarte
722 3127 825 3219 partis
837 3132 864 3217 j.
882 3133 905 3197 f.
923 3154 969 3197 rn.
985 3133 1020 3195 in
1036 3134 1197 3198 Bunnunr
1212 3133 1340 3197 abbatis
1353 3132 1392 3195 de
1410 3130 1541 3197 Oumba.

366 3286 415 3352 De
430 3288 575 3353 subsidio
590 3290 636 3353 di.
653 3289 677 3354 f.
695 3310 739 3354 m.
757 3289 791 3350 in
809 3288 915 3354 Corus
931 3286 1056 3349 abbatis
1072 3286 1111 3348 de
1127 3285 1259 3351 Cumba.

366 3437 415 3501 De
430 3437 572 3502 subsidio
587 3439 611 3523 j.
628 3437 650 3503 f.
667 3458 712 3503 m.
729 3437 764 3499 in
780 3436 927 3504 Wouvrrr
942 3434 1069 3498 abbatie
1085 3434 1124 3497 de
1141 3434 1274 3499 Cumba.

366 3593 416 3657 De
431 3593 575 3658 subsidio
590 3596 706 3679 quarte
722 3590 824 3674 partis
840 3610 886 3653 m.
902 3590 935 3650 in
953 3589 1098 3655 Wsnron
1114 3588 1229 3671 prioris
1242 3588 1283 3651 de
1300 3586 1447 3671 Kyrkby.

367 3739 414 3802 De
428 3740 572 3803 subsidio
587 3739 690 3803 tercie
706 3738 810 3821 partis
825 3737 850 3823 j.
866 3736 890 3801 f.
907 3758 952 3802 rn.
969 3737 1003 3798 in
1018 3736 1198 3801 Bonnense
1214 3734 1340 3799 abbatis
1356 3736 1396 3799 de
1412 3736 1596 3804 leicestrie.

325 3894 574 4045 ODesnbsidio
589 3895 634 3958 di.
652 3894 675 3958 f.
694 3914 739 3958 m.
757 3894 790 3955 in
809 3892 991 3959 ii'usrcors
1014 3910 1095 3955 onus
1114 3890 1151 3969 (i)
1170 3891 1319 3975 magistri
1343 3887 1516 3975 hospitalis
1543 3892 1652 3957 Sancti
1667 3891 1824 3960 Johacnis

352 4002 456 4046 rome.

366 4129 415 4192 De
430 4128 575 4191 subsidio
587 4127 613 4214 j
629 4126 653 4191 i.
670 4148 716 4193 m.
733 4132 897 4187 terrarum
912 4128 949 4186 et
963 4130 1229 4188 tenementorum
1245 4126 1359 4207 prioris
1374 4126 1415 4188 de
1431 4123 1596 4191 Coventre.

366 4266 416 4329 De
431 4265 575 4329 subsidio
590 4265 635 4331 di.
645 4266 669 4328 f.
681 4287 726 4329 m.
744 4265 778 4328 in
798 4264 1016 4331 Scronuunns
1033 4268 1067 4325 et
1083 4263 1304 4329 'Psonnnnorre
1319 4284 1406 4327 nunc
1422 4266 1565 4349 episcopi
1581 4264 1801 4337 Cicestrensie.

367 4403 415 4467 De
439 4404 582 4469 subsidio
606 4402 680 4489 iiij‘·
713 4403 816 4486 portis
841 4402 866 4487 j
892 4400 914 4464 i.
940 4422 986 4469 m.
1013 4402 1047 4464 in
1074 4402 1240 4469 anuonn
1267 4402 1352 4468 Pnor
1380 4403 1493 4486 prioris
1519 4403 1688 4487 hospitalis
1714 4404 1825 4471 macti

325 4489 484 4554 Johunnis
498 4492 533 4553 in
549 4491 678 4575 Anglia.

368 4628 418 4693 De
433 4628 577 4695 subsidio
593 4636 709 4713 quarte
724 4628 828 4713 pertis
843 4627 864 4709 i.
881 4630 904 4695 f.
921 4650 967 4697 rn.
983 4629 1019 4691 in
1035 4629 1232 4697 Psuunoron
1249 4630 1365 4713 prioris
1380 4630 1421 4695 de
1435 4630 1651 4701 Kenilrorth.

367 4765 414 4829 De
429 4765 574 4829 subsidio
589 4766 636 4831 di.
654 4766 676 4832 i.
692 4786 737 4832 m.
754 4750 789 4828 in'
804 4766 961 4833 Gnissron
976 4766 1102 4830 abbatis
1118 4768 1411 4834 westmonasterii.

367 4904 416 4969 De
431 4904 573 4969 subsidio
590 4906 636 4971 di.
654 4906 677 4971 f.
695 4927 740 4970 m.
757 4904 791 4968 in
811 4905 946 4970 Psnnur
961 4903 1050 4968 nunc
1066 4906 1218 4988 priorisse
1233 4906 1272 4968 de
1289 4906 1414 4971 endem.

368 5042 417 5106 De
431 5042 576 5106 subsidio
593 5044 637 5108 di.
654 5044 677 5108 f.
694 5064 740 5109 m.
756 5042 792 5104 in
806 5044 1007 5109 Bennusnsr
1020 5062 1122 5126 nuper
1137 5043 1270 5107 Ricardi
1288 5044 1496 5108 Horecourte.

367 5178 416 5243 De
440 5180 585 5244 subsidio
610 5187 725 5266 quarte
749 5181 853 5263 portis
879 5180 903 5265 j.
920 5179 942 5245 f.
958 5200 1004 5245 m.
1029 5182 1063 5243 in
1092 5180 1266 5245 Consuron
1291 5198 1395 5262 nuper
1418 5179 1548 5242 comitis
1563 5179 1827 5264 Huntirrgdonie,

323 5267 579 5440 g]i[[[{y,s⁸n⁰ti
605 5266 768 5333 iohannis
792 5266 972 5333 Jerusalem
998 5267 1032 5334 iu
1060 5266 1189 5357 Angliu,
1214 5268 1329 5355 prioris
1345 5267 1385 5330 de
1400 5266 1569 5345 coventre,
1593 5274 1628 5333 ct
1641 5268 1771 5339 cumn·
1785 5271 1826 5337 de
