4092 6117
907 562 990 632 Au).
1013 565 1110 634 1402.
1693 560 1759 628 228

296 845 388 912 Idem
412 848 478 913 dux
500 851 596 914 tenet
621 847 662 914 de
687 849 777 915 dieto
801 847 933 916 domino
959 870 1037 935 rege
1062 851 1116 920 ie.
1131 850 1201 914 siue
1226 849 1347 930 medio,
1372 869 1428 915 uu.
1444 846 1469 914 f.
1484 868 1531 914 m.
1556 846 1592 910 in
1612 845 1760 916 Wonrorr

253 933 391 1015 Bneenr,
406 935 491 1000 infin
505 935 715 1004 hundredum
730 938 926 1023 predictum.

296 1071 480 1138 willelmus
496 1074 644 1140 Worston
658 1081 752 1140 tenet
766 1077 807 1140 de
821 1076 911 1141 dieto
926 1076 1059 1141 domiuo
1073 1097 1162 1162 rege,
1177 1077 1248 1140 sine
1261 1074 1383 1155 medio,
1397 1075 1433 1139 in
1450 1073 1591 1159 soeagio,
1609 1076 1713 1136 terren
1727 1076 1762 1136 et

252 1163 732 1317 prffinstpfiilrrmwonnunnn,
755 1165 843 1230 infra
864 1163 1073 1230 hundredum
1102 1164 1385 1252 predictumque
1410 1162 1522 1227 velent
1551 1181 1608 1245 per
1638 1179 1761 1226 annum

296 1385 340 1450 Et
355 1386 480 1467 diumt‚
493 1388 582 1472 quod
596 1408 662 1452 non
677 1394 755 1453 eunt
780 1388 875 1473 plurn
889 1396 977 1454 terre
991 1409 1051 1454 nee
1066 1393 1258 1454 tenemente
1271 1392 1367 1456 tenta
1382 1389 1423 1454 de
1438 1386 1528 1452 dicto
1542 1385 1675 1451 domino
1689 1405 1764 1472 rege

253 1474 322 1537 eine
337 1475 447 1540 medio
461 1475 547 1540 infra
563 1476 769 1542 hundredum
784 1476 983 1563 predictum.

680 1764 918 1854 [Hnunnnnnu
940 1788 985 1834 nn
1007 1765 1345 1855 BRADEFORDB]

297 1900 387 1966 Item
408 1903 548 1987 predicti
569 1902 730 1991 juratores
754 1904 871 1968 dieunt
893 1924 950 1988 per
964 1909 1205 1969 sacramentum
1221 1925 1328 1985 nuum,
1343 1905 1430 1989 qnod
1445 1902 1613 1970 lohannes
1628 1901 1766 1987 chyker,

253 1987 405 2069 ehivnler‚
436 1994 471 2055 et
500 1991 662 2076 Mergerie
691 1991 864 2071 Hillnriee‚
888 1997 1004 2056 tenent
1033 1992 1073 2058 de
1097 1993 1186 2056 dieto
1209 1992 1342 2057 domino
1367 2011 1442 2076 rege
1467 1994 1522 2059 ic.
1550 1995 1619 2056 elne
1645 1991 1765 2069 medio,

255 2096 312 2144 un.
326 2077 351 2142 f.
367 2098 413 2144 m.
429 2079 464 2142 in
481 2078 699 2158 Bnouenrou
715 2078 801 2143 infre
816 2077 1025 2144 hundredum
1040 2080 1082 2144 de
1097 2078 1307 2148 Bredetorde.

298 2210 458 2277 Dominue
472 2212 513 2277 de
527 2213 722 2294 Furnevale,
738 2213 893 2294 ehivnler,
908 2220 1003 2281 tenet
1016 2216 1059 2280 de
1073 2217 1206 2281 domino
1220 2237 1296 2302 rege
1311 2218 1364 2284 ie.
1381 2219 1451 2282 siue
1466 2213 1587 2296 medio,
1602 2237 1658 2281 un.
1677 2216 1701 2284 f.
1717 2237 1763 2282 m.

255 2299 290 2361 in
306 2299 384 2364 villu
397 2301 555 2385 predicte,
570 2301 656 2366 inire
670 2300 876 2367 hundredum
889 2303 1089 2388 predictum.

297 2437 439 2503 'l'homne
464 2437 637 2525 Beuehyne
664 2439 884 2526 (Beeuehyne)
911 2447 1007 2508 tenet
1033 2443 1074 2508 de
1099 2443 1190 2507 dieto
1219 2443 1351 2507 domino
1378 2462 1456 2528 rege
1482 2443 1535 2508 ie.
1564 2443 1632 2506 eine
1655 2442 1764 2506 medio

257 2525 301 2592 di.
316 2525 340 2592 f.
356 2547 402 2592 m.
418 2528 454 2592 iu
469 2528 678 2595 Arnnwonrn
694 2529 835 2608 Corum,
851 2529 937 2593 inire
950 2529 1161 2594 hundredum
1177 2531 1370 2615 predictum.

298 2662 471 2749 Philippus
484 2665 604 2730 Videlu
627 2672 719 2732 tenet
741 2668 782 2731 de
809 2667 900 2731 dieto
925 2668 1059 2732 domino
1083 2687 1171 2752 rege,
1187 2671 1257 2732 eine
1283 2668 1403 2747 medio,
1419 2668 1454 2731 in
1470 2667 1598 2752 eoeegio
1612 2671 1714 2731 terras
1729 2673 1764 2730 et

254 2755 441 2904 ffirppntn
454 2754 489 2816 in
506 2753 557 2820 Im
572 2754 701 2833 Fortun,
710 2755 797 2819 infru
811 2755 1018 2819 hundredum
1034 2756 1303 2840 predictumque
1315 2755 1427 2819 velent
1441 2774 1636 2839 perannum
1651 2754 1764 2818 decem

300 2975 346 3038 Et.
360 2977 445 3061 quod
460 2996 524 3041 non
540 2987 618 3041 eunt
632 2976 726 3063 plurn
740 2985 838 3058 terre,
853 2998 913 3044 nee
928 2984 1132 3062 tenemente,
1145 2983 1238 3046 tenta
1253 2980 1293 3045 de
1303 2980 1534 3044 dietndomine
1545 3000 1618 3066 rege
1633 2981 1685 3046 i.e.
1698 2979 1768 3046 sine

256 3063 375 3146 medio,
390 3064 478 3128 intre
491 3063 698 3132 hundredum
722 3064 956 3158 [predictum]

688 3355 926 3446 [Hunnnnnuu
948 3379 993 3426 nn
1018 3356 1328 3446 sumtuum]

302 3448 553 3579 Itempredieti
579 3496 741 3582 juratores
766 3496 882 3561 dicunt
909 3515 1008 3582 nuper
1034 3499 1274 3560 sacramentum
1301 3517 1409 3575 sunm,
1422 3497 1511 3582 quod
1527 3514 1592 3560 non
1608 3500 1684 3559 eunt
1700 3495 1769 3562 ulle

256 3586 638 3754 tszffllpekrpteuemente,
653 3588 748 3648 tentn
763 3583 803 3648 de
817 3583 948 3649 domino
972 3604 1048 3669 rege
1070 3585 1125 3650 ie.
1142 3585 1212 3649 eine
1238 3583 1360 3665 medie,
1383 3585 1470 3650 intre
1495 3581 1702 3649 hundredum
1727 3583 1768 3650 de

301 3756 342 3820 Iu
357 3757 450 3842 eujus
464 3758 514 3823 rei
529 3758 760 3823 testimoninm
776 3763 839 3823 ete.

677 4031 914 4121 [Hnunnnnun
938 4054 983 4099 un
1005 4031 1347 4122 MALMESBURY]

301 4170 481 4256 Inquieieio
505 4177 602 4256 nepte
627 4171 715 4255 epud
737 4169 849 4242 Oelne,
875 4191 981 4236 eorem
1005 4170 1155 4240 iohanne
1179 4171 1336 4256 (deueyn,
1357 4171 1551 4237 vicecomite
1578 4171 1707 4250 Wiltee,
1736 4176 1770 4236 et

259 4261 353 4324 eoeiie
378 4260 456 4334 euie,
484 4259 738 4323 cnmieeioneriie
763 4258 892 4324 domini
915 4259 1002 4344 regis
1027 4259 1069 4322 ed
1094 4259 1292 4323 rationabile
1315 4259 1477 4323 auxilium
1504 4279 1563 4343 pro
1597 4259 1770 4340 Blnueheu

257 4346 476 4432 primogenita
501 4345 567 4408 filia
591 4345 716 4409 domini
742 4346 843 4432 regie,
867 4345 1051 4409 maritanda
1077 4346 1310 4430 wlligendum,
1336 4351 1371 4410 et
1395 4346 1585 4425 levandum,
1600 4347 1695 4433 xxiij⁰
1716 4347 1770 4411 die

258 4433 384 4509 Marcii,
398 4452 485 4497 anno
498 4434 591 4518 regni
606 4434 693 4518 regis
710 4433 844 4497 Henrici
860 4435 969 4518 quarti
995 4439 1071 4516 poet
1085 4440 1304 4516 conquestum
1319 4436 1432 4511 tercio,
1446 4455 1503 4517 per
1529 4445 1770 4502 recrementum

259 4520 390 4585 Rieerdi
418 4521 565 4600 Jerefnit,
592 4521 727 4586 Roherti
758 4520 913 4604 Hyweye,
941 4519 1102 4584 Johnnnis
1133 4521 1252 4605 Booye,
1278 4519 1437 4584 Johannie
1466 4521 1609 4599 Felewe‚
1638 4521 1769 4586 Roherti

258 4607 399 4693 Turney,
428 4607 539 4672 Jnenbi
577 4607 724 4683 CeudelI,
759 4607 915 4671 Willelmi
954 4606 1105 4685 Euchen,
1136 4607 1271 4671 Roherti
1309 4609 1447 4692 Reyner,
1481 4607 1646 4692 Redulphi
1677 4607 1772 4687 Skut,

256 4693 405 4759 Nieholai
434 4695 642 4779 Tympnnye?
663 4693 824 4758 Johennie
854 4694 979 4778 Spieer,
1010 4703 1046 4758 et
1077 4695 1211 4759 Roherti
1245 4693 1397 4780 Dighere‚
1427 4699 1486 4780 qui
1523 4697 1637 4759 dieunt
1675 4716 1772 4779 super

256 4789 496 4846 eenrnmentum
511 4802 619 4859 euum,
633 4782 721 4865 quod
731 4805 785 4844 :-

301 4955 407 5020 Abhne
423 4965 458 5020 et
470 4959 649 5021 conventus
663 4955 705 5019 de
721 4954 942 5040 Mnlmeebury
957 4961 1075 5020 tenent
1098 4955 1265 5019 heronium
1292 4977 1384 5020 ruem
1400 4955 1441 5020 de
1457 4955 1693 5041 Malmeebury,
1707 4977 1772 5040 que

252 5063 293 5106 ⁴ee
308 5045 456 5108 extendit
470 5044 507 5107 in
520 5043 658 5107 divereie
680 5040 859 5108 hundredis
880 5043 967 5107 intre
981 5044 1176 5107 comitatum
1193 5043 1322 5124 willer,
1337 5043 1377 5107 de
1392 5043 1524 5108 domino
1539 5064 1617 5129 rege
1632 5046 1686 5110 i.n.
1703 5046 1771 5108 eine
1863 5087 1872 5114 2

257 5132 376 5210 medie,
388 5152 447 5215 per
462 5130 633 5195 servicium
650 5130 753 5195 trium
769 5131 793 5197 f.
810 5152 856 5197 m.
874 5135 1018 5194 tantum.

296 5265 470 5332 Comitieen
497 5267 689 5332 Herefordie
712 5271 806 5332 tenet
830 5268 871 5333 de
898 5268 989 5332 dicto
1014 5266 1149 5331 domino
1176 5287 1250 5356 rege
1275 5268 1330 5333 to.
1346 5267 1417 5334 eine
1435 5265 1544 5332 medio
1560 5286 1613 5334 un.
1630 5267 1653 5332 f.
1671 5289 1716 5342 nn
1735 5268 1770 5338 iu

254 5353 476 5433 Wonnnerrn,
492 5355 577 5424 intre
591 5354 798 5422 hundredum
813 5355 855 5420 de
871 5355 1102 5439 Mnlmeehury.
