4092 6117
307 531 372 594 260
924 527 1196 595 WILTSHIRE.

353 824 511 889 Robertus
527 825 696 909 Hempton
711 830 802 890 tenet
817 828 997 889 inmediete
1010 826 1051 889 de
1066 827 1226 892 unstrode
1242 829 1347 912 Evyas
1363 835 1453 894 certe
1467 835 1567 893 terras
1580 835 1612 893 et
1624 836 1815 893 tenemente

307 913 352 1062 pp]
359 913 568 1066 itfirplpnunn,
584 934 647 997 que
663 934 769 996 nuper
784 915 918 978 suerunt
933 913 1083 981 Johanne
1099 917 1139 978 de
1157 915 1281 996 Lovell,
1299 937 1355 1001 per
1374 919 1548 980 servicium
1574 927 1688 1002 quarte
1711 921 1814 1002 pertis

351 1135 543 1199 Edmundus
574 1137 761 1222 Deuntesey
788 1144 879 1226 tenet
910 1139 1092 1201 inmediate
1122 1139 1161 1201 de
1191 1146 1298 1203 cestro
1328 1141 1366 1203 de
1398 1142 1511 1224 Evvyas
1541 1147 1628 1204 certe
1655 1148 1753 1205 terras
1779 1147 1815 1204 et

306 1225 543 1377 pieinefmgntain
560 1225 768 1305 tirrenum,
785 1247 848 1308 que
872 1246 974 1310 nuper
1000 1226 1136 1289 fuerunt
1165 1227 1298 1291 Roberti
1329 1229 1368 1290 de
1396 1229 1545 1308 Mordou,
1562 1249 1618 1312 per
1642 1229 1813 1292 servicium

353 1447 516 1513 Johannes
531 1448 711 1535 Wroghton
734 1457 825 1513 tenet
840 1451 1023 1514 inmediate
1039 1453 1078 1514 de
1101 1452 1261 1528 iohanne,
1277 1453 1390 1538 regine
1405 1453 1535 1537 Anglic,
1552 1461 1591 1518 ut
1613 1455 1653 1516 de
1668 1454 1814 1516 manerio

308 1556 366 1598 suo
388 1538 428 1599 de
454 1537 654 1621 Hampstede
681 1538 839 1601 Marshall
865 1544 955 1601 certe
981 1545 1082 1602 terres
1107 1545 1142 1603 et
1165 1546 1355 1602 tenemeute
1379 1542 1413 1603 iu
1437 1541 1725 1617 Hernousswrun,
1752 1560 1815 1624 que

308 1643 412 1707 nuper
426 1623 559 1687 suerunt
575 1624 736 1690 Johannis
750 1624 913 1706 Walrond‚
929 1647 987 1709 per
1003 1627 1175 1690 servicium
1193 1628 1239 1692 di.
1256 1629 1279 1692 f.
1296 1649 1341 1692 nr.
1827 1669 1829 1672 -

352 1760 517 1826 Johannes
531 1761 635 1845 Wyke
650 1762 690 1825 de
706 1761 914 1826 Grundewell
929 1757 1021 1825 ten'et
1037 1763 1216 1826 inmediate
1231 1764 1269 1826 de
1286 1761 1433 1829 Johanne
1459 1763 1593 1842 Faunis,
1609 1763 1757 1841 chiveler,
1775 1771 1814 1825 ut

308 1848 349 1911 de
374 1852 516 1912 manerio
541 1869 599 1912 suo
625 1850 664 1911 de
690 1849 921 1927 Cesteicombe‚
937 1860 1024 1912 certe
1051 1857 1152 1913 terras
1176 1859 1209 1912 et
1235 1857 1422 1914 tenemento
1436 1854 1468 1914 in
1486 1851 1734 1930 Gnosoeweuu,
1749 1871 1814 1934 que

310 1955 412 2020 nuper
426 1936 557 1998 fuerunt
571 1937 706 2003 Walteri
723 1936 940 2015 Gruudevrell‚
958 1958 1016 2020 per
1031 1938 1203 2000 servicium
1219 1939 1265 2002 rii.
1283 1939 1305 2002 f.
1322 1959 1367 2002 m.

355 2075 514 2150 Johanne,
531 2075 643 2156 regina
667 2073 794 2155 Augiie
820 2080 912 2136 tenet
939 2075 973 2136 iu
1001 2075 1112 2137 dotem
1137 2096 1175 2136 ex
1201 2076 1406 2139 concessione
1431 2077 1517 2159 regis
1544 2076 1680 2138 Henrici
1706 2075 1813 2159 quarti

309 2167 400 2224 certe
424 2167 525 2224 terres
551 2171 585 2223 et
609 2169 795 2223 tenemente
821 2163 855 2223 in
881 2161 1131 2240 Gronoswsnn,
1149 2182 1212 2246 que
1239 2164 1496 2245 superfuerunt
1522 2163 1686 2246 Philippe‚
1703 2164 1815 2244 regine

312 2247 440 2334 Anglie,
458 2269 515 2332 per
530 2250 703 2312 servicium
718 2250 763 2313 di.
780 2249 803 2314 f.
821 2269 867 2313 m.

357 2387 501 2450 Heredes
524 2387 657 2452 iuliane
681 2387 711 2449 le
737 2385 839 2449 Brent
864 2391 981 2449 tenent
1001 2386 1192 2464 inmediate,
1214 2387 1254 2450 de
1282 2407 1345 2470 quo
1369 2388 1421 2450 vel
1443 2387 1482 2450 de
1510 2387 1626 2471 quibus
1652 2388 1814 2470 ignorent,

311 2482 400 2537 certa
414 2482 513 2536 terres
528 2482 561 2536 et
578 2479 767 2536 tenementis
781 2474 815 2535 in
832 2473 1064 2550 Lusrssnunn
1082 2495 1144 2556 que
1161 2495 1263 2557 nuper
1285 2479 1417 2537 iuerunt
1439 2473 1461 2537 J
1464 2474 1571 2537 uliune
1587 2475 1617 2536 le
1634 2474 1744 2552 Brent,
1760 2495 1818 2557 per

313 2562 483 2624 servicium
499 2561 635 2623 duarum
652 2563 792 2643 partium
808 2581 861 2624 un.
879 2563 902 2624 s.
919 2582 965 2625 m.

358 2699 466 2761 Abbas
491 2699 532 2761 de
556 2698 679 2781 Haylys
705 2705 798 2760 tenet
822 2697 1001 2760 inmediate
1024 2696 1064 2761 de
1091 2695 1210 2760 honore
1235 2698 1274 2760 de
1302 2697 1512 2782 Welyngsord
1541 2703 1631 2762 certe
1654 2703 1753 2762 terres
1783 2706 1818 2763 et

313 2791 504 2938 ispepnlelpta
528 2787 563 2848 in
588 2786 827 2862 Moenoenum
853 2805 916 2869 que
939 2805 1041 2868 nuper
1065 2784 1197 2848 suerunt
1222 2785 1380 2849 Jobennis
1412 2785 1527 2864 Crook,
1559 2807 1615 2869 per
1644 2786 1817 2849 servicium

357 3009 549 3075 Eiirebetha
564 3011 630 3095 Lye
646 3015 738 3073 tenet
752 3009 933 3073 inmediete
949 3009 988 3071 de
1003 3009 1135 3072 domino
1149 3029 1224 3092 rege
1239 3011 1293 3073 i.c.
1308 3015 1395 3072 certe
1411 3015 1513 3072 terres
1528 3015 1563 3072 et
1578 3017 1766 3074 tenemento
1781 3010 1815 3073 in

317 3100 500 3176 Srsourorv,
518 3119 580 3184 que
595 3118 699 3180 nuper
711 3097 846 3160 fuerunt
860 3097 988 3159 Methei
1004 3097 1065 3159 filii
1083 3096 1247 3176 Herberti,
1263 3117 1320 3180 per
1337 3098 1507 3160 servicium
1523 3096 1567 3160 di.
1582 3097 1605 3158 f.
1621 3118 1667 3162 m.

358 3236 517 3300 Ricardus
555 3234 720 3299 Heuciord
758 3240 851 3297 tenet
887 3233 1065 3296 inmediete
1094 3232 1135 3295 de
1165 3233 1296 3294 domino
1325 3253 1400 3317 rege
1431 3235 1483 3297 i.c.
1517 3239 1607 3296 certe
1643 3239 1745 3297 terras
1782 3239 1820 3296 et

314 3328 504 3476 (tipnpmlppte
518 3325 552 3385 in
572 3323 756 3399 Srsorvrorr,
773 3343 834 3406 que
858 3341 963 3403 nuper
986 3320 1118 3382 fuerunt
1144 3319 1301 3382 Witlelmi
1328 3319 1400 3382 Frrz
1420 3321 1546 3404 Waryn,
1563 3341 1619 3402 per
1645 3322 1818 3384 servicium

357 3549 520 3613 Robertus
535 3547 673 3610 Andrerv
688 3551 782 3609 tenet
806 3546 989 3609 inmediate
1013 3545 1053 3607 de
1080 3541 1228 3610 Johanne
1256 3543 1395 3623 Pactoli,
1419 3551 1458 3607 ut
1481 3544 1522 3608 de
1548 3545 1691 3608 manerio
1706 3565 1764 3610 suo
1778 3545 1818 3608 de
1895 3593 1903 3614 .

315 3635 547 3713 Cestelcombe,
575 3646 665 3697 certe
695 3641 795 3696 terrae
824 3641 859 3696 et
885 3638 1075 3695 tenementis
1107 3633 1141 3694 in
1173 3633 1406 3710 Bnuursso0u‚
1443 3652 1506 3715 que
1544 3652 1648 3715 nuper
1685 3631 1818 3696 suerunt

315 3725 471 3787 Willelmi
487 3723 562 3786 Fitz
576 3721 711 3804 Waryn,
726 3741 781 3803 per
797 3721 968 3783 servicium
985 3719 1030 3783 di.
1049 3721 1071 3783 f.
1089 3740 1133 3783 rn.

359 3861 478 3924 Rector
491 3858 532 3923 de
547 3857 730 3941 Edyngdon
746 3863 840 3920 tenet
854 3857 1038 3919 inmediete
1054 3857 1094 3918 de
1109 3856 1190 3917 duce
1205 3856 1342 3918 Eboraci
1357 3860 1445 3918 certa
1460 3865 1561 3918 terres
1575 3862 1609 3919 et
1632 3860 1819 3920 tenementis

314 3951 351 4012 in
366 3949 533 4025 Esrmroe,
548 3967 612 4029 que
627 3964 731 4027 nuper
746 3943 879 4006 fuerunt
896 3943 1031 4006 Roberti
1049 3941 1296 4027 Chamberleyn‚
1311 3963 1368 4026 per
1384 3945 1561 4006 servicium
1577 3943 1621 4006 di.
1638 3945 1660 4007 f.
1677 3965 1722 4009 m.

358 4087 451 4150 Idem
477 4091 582 4148 rector
607 4089 699 4146 tenet
723 4083 904 4146 inmediate
929 4081 1075 4145 deduce
1104 4081 1238 4144 Eboraci
1263 4087 1353 4144 certe
1379 4089 1482 4143 temus
1506 4089 1540 4144 et
1564 4089 1753 4145 tenemento
1782 4085 1816 4145 in

314 4175 482 4250 Essenos,
498 4192 561 4256 que
576 4191 681 4255 nuper
695 4172 829 4234 fuerunt
844 4167 969 4232 Thume
985 4168 1207 4252 Huugerford,
1223 4188 1279 4251 per
1294 4169 1465 4232 servicium
1482 4167 1528 4234 di.
1545 4171 1567 4231 t.
1583 4190 1628 4234 rn.

358 4312 523 4377 Johanues
539 4309 673 4375 Golafre
687 4316 777 4373 tenet
794 4310 975 4373 inmediate
989 4309 1031 4372 de
1046 4309 1179 4372 domino
1195 4328 1269 4390 rege
1286 4309 1341 4374 i.c.
1358 4313 1448 4370 certe
1463 4313 1565 4370 terres
1580 4314 1615 4370 et
1629 4311 1820 4371 tenemente

315 4404 350 4466 in
366 4402 600 4477 Bnuursso0s‚
616 4418 680 4481 que
695 4417 800 4480 nuper
815 4397 948 4461 suerunt
964 4396 1125 4458 Willelmi
1142 4394 1287 4473 coraus,
1303 4416 1359 4478 per
1375 4396 1549 4459 servicium
1565 4416 1617 4460 un.
1634 4395 1655 4457 f.
1671 4415 1716 4460 m.

359 4538 541 4603 wille-lmus
557 4536 709 4618 Clynton,
723 4536 876 4613 chivaler,
890 4540 985 4599 tenet
1001 4535 1183 4598 inmediste
1198 4535 1238 4598 de
1254 4535 1373 4597 comite
1399 4532 1580 4596 Sarisburie
1606 4540 1693 4596 certe
1717 4540 1820 4596 terres

315 4636 349 4694 et
375 4633 567 4777 tpnemente
592 4626 626 4686 in
643 4625 811 4702 Lrnrunn,
827 4644 891 4707 que
906 4643 1012 4706 nuper
1028 4624 1160 4686 suerunt
1176 4621 1336 4686 iohannis
1352 4622 1391 4684 de
1407 4620 1559 4705 Clynton,
1573 4639 1629 4703 per
1645 4621 1818 4683 servicium

315 4737 372 4782 un.
403 4734 472 4780 .m.

358 4839 553 4905 Edmundus
575 4837 666 4923 Pyne
692 4843 784 4900 tenet
810 4837 990 4901 inmediate
1016 4837 1058 4900 de
1085 4857 1163 4921 rege
1190 4839 1244 4901 i.c.
1273 4838 1360 4898 ceria
1386 4841 1489 4897 terres
1515 4840 1550 4898 et
1572 4837 1761 4898 tenemento
1784 4835 1819 4898 in

314 4931 477 5081 {sperus
503 4928 734 5004 Tusnnnvrne,
761 4945 824 5007 que
846 4944 952 5009 nuper
977 4923 1111 4988 fuerunt
1136 4921 1297 4987 Joheuuis
1312 4923 1352 4984 de
1368 4921 1399 4984 le
1414 4921 1542 5000 Risere,
1566 4941 1623 5004 per
1647 4921 1818 4985 servicium

337 5041 359 5081 1.
389 5036 459 5082 .m.

361 5142 512 5205 Decenus
536 5140 577 5203 de
602 5138 791 5222 Leycestris
817 5145 909 5203 tenet
934 5139 1116 5202 inmediate
1143 5137 1182 5202 de
1206 5136 1338 5201 domino
1366 5157 1441 5221 rege
1467 5137 1522 5202 i.c.
1550 5141 1636 5199 certe
1661 5141 1761 5198 terras
1785 5143 1820 5199 et

316 5233 504 5384 {pnpmlplnte
526 5229 561 5289 in
585 5227 783 5304 Hirrunorv,
809 5247 870 5314 que
895 5247 998 5316 nuper
1026 5225 1161 5294 fuerunt
1186 5227 1316 5292 comitis
1342 5223 1539 5301 uumerus,
1564 5243 1620 5306 per
1647 5222 1818 5286 servicium
