4092 6117
922 557 1005 633 AJ).
1031 563 1126 634 uas.

609 855 802 923 Hunnsnnr
825 879 868 923 ns
890 858 1132 925 ELLES'PUB
1156 879 1196 923 sn
1219 857 1445 925 EVERLEY.

314 991 493 1074 Inquisicio
516 1001 612 1076 capta
638 994 726 1076 apud
751 994 907 1074 Eneford,
921 997 976 1060 die
997 995 1136 1059 Veneris
1162 997 1310 1080 proximo
1334 1003 1410 1080 post
1436 997 1559 1060 iestum
1586 995 1784 1061 Nativitatis

272 1077 386 1141 Sancti
401 1077 563 1143 Johannis
579 1080 740 1164 Baptiste,
756 1102 843 1146 anno
857 1085 950 1168 regni
965 1086 1054 1166 regis
1070 1084 1206 1147 Henrici
1231 1085 1317 1147 sexti
1344 1090 1420 1166 post
1443 1092 1656 1167 conquestum
1682 1094 1783 1164 sexto,

271 1185 378 1228 coram
393 1164 544 1232 Johanne
560 1168 662 1251 Payn,
680 1169 824 1233 Roberto
839 1170 953 1254 Erley,
966 1170 1115 1234 Johanne
1131 1169 1277 1254 Sturmy,
1293 1171 1335 1233 de
1350 1170 1504 1248 straford,
1515 1169 1667 1235 ‚Iohanne
1681 1171 1782 1256 Bryd‚

272 1253 312 1315 de
335 1253 559 1339 Marleburgh‚
583 1256 728 1320 Henrico
758 1256 926 1341 Bradeley‚
955 1255 1107 1321 Johauue
1135 1257 1268 1342 Sturmy
1295 1259 1337 1322 de
1361 1256 1618 1338 Wachenesfeld,
1633 1257 1782 1324 Johanne

274 1339 377 1424 Buye,
392 1341 558 1405 Willelmo
580 1343 667 1407 lord
690 1344 731 1408 de
757 1345 849 1408 Nova
873 1344 1064 1423 Sarisbnria,
1090 1352 1124 1408 et
1146 1341 1296 1408 Johanne
1321 1344 1513 1409 Monntford
1539 1347 1580 1410 de
1605 1346 1674 1430 Lye
1689 1347 1783 1432 juxta

272 1427 459 1511 Westbury,
489 1430 713 1494 collectoribus
743 1433 881 1495 subsidii
910 1433 1037 1495 domini
1067 1433 1153 1518 regis
1181 1433 1217 1494 in
1245 1435 1408 1496 comitatu
1437 1433 1555 1497 Wiltes
1592 1433 1626 1496 in
1664 1435 1784 1497 ultimo

262 1516 488 1597 ,parliamento
511 1538 568 1580 suo
594 1519 682 1600 apud
706 1519 1033 1586 westmonasterium
1058 1521 1091 1582 in
1121 1520 1287 1603 quindena
1317 1519 1430 1583 Sancti
1460 1518 1633 1583 Michaelis
1663 1521 1784 1584 ultimo

271 1605 428 1683 preterita
451 1610 542 1668 tento
565 1608 722 1684 concessi,
749 1627 807 1690 per
837 1616 1077 1670 sacramentum
1108 1605 1240 1670 Roberti
1272 1607 1431 1690 homey,
1460 1606 1585 1670 Thome
1614 1608 1783 1686 Themese,

271 1685 429 1752 Johannis
444 1690 615 1776 Gerveyse,
629 1692 752 1757 Thorne
768 1695 935 1771 Edmund,
950 1694 1112 1761 Willelmi
1129 1693 1258 1772 Bakun‚
1288 1693 1437 1758 Nicholai
1462 1693 1603 1779 Chancy,
1624 1694 1782 1758 Johannis

272 1776 385 1856 Monk,
413 1779 563 1842 Nioholai
589 1779 740 1862 Bryther,
764 1781 925 1845 Johannis
948 1782 1052 1858 Picis,
1075 1780 1236 1844 Johannis
1261 1781 1383 1866 Roget,
1412 1781 1572 1845 Johannis
1598 1781 1727 1866 Smyth‚
1749 1789 1783 1846 et

272 1863 431 1929 Johannis
458 1866 654 1951 Dymmyng,
671 1869 865 1952 juratorum,
890 1870 1076 1954 juratorum
1092 1868 1133 1932 de
1149 1867 1328 1932 hundredis
1342 1869 1383 1930 de
1398 1868 1548 1932 Ellestub
1571 1875 1606 1933 et
1632 1869 1781 1954 Everley‚

272 1953 328 2033 qui
352 1953 468 2016 dicunt
493 1975 589 2037 snper
615 1967 855 2020 sacramentum
880 1977 988 2034 suum,
1013 1955 1100 2038 quod
1123 1975 1237 2019 omnes
1262 1975 1400 2038 persone
1424 1957 1461 2018 in
1488 1957 1552 2020 ista
1566 1958 1782 2040 inquisicione

271 2041 438 2104 nominate
454 2049 531 2104 sunt
546 2043 656 2106 seisite
671 2053 705 2106 et
720 2045 966 2126 possessionate‚
978 2053 1015 2106 et
1027 2063 1137 2106 eorum
1149 2042 1294 2127 quelibet
1307 2050 1357 2106 est
1373 2045 1484 2106 seisita
1498 2049 1532 2106 et
1547 2046 1783 2126 possessionata

272 2125 311 2188 de
338 2129 434 2190 terris
458 2136 493 2191 et
520 2131 721 2194 tenementis
743 2132 779 2193 in
806 2131 970 2194 dominico
995 2151 1053 2194 sno
1080 2136 1118 2193 nt
1141 2131 1182 2193 de
1205 2129 1305 2193 libero
1319 2135 1520 2210 tenemento,
1537 2139 1571 2194 et
1585 2138 1712 2209 tenent,
1725 2152 1782 2196 seu

272 2222 374 2292 tenet,
390 2217 487 2279 modo
501 2223 536 2280 et
550 2215 655 2280 forma
669 2218 728 2302 qui
743 2219 904 2303 seqnitur,
917 2217 1084 2295 videlicet,
1098 2217 1185 2302 quod
1196 2242 1250 2284 :-

316 2403 475 2469 Robertus
500 2391 730 2484 Shotesbrooh‚
753 2405 908 2485 chivaler,
923 2408 1110 2471 Willelmus
1136 2403 1358 2490 Beauchamp,
1384 2409 1534 2492 armiger,
1561 2416 1596 2470 et
1617 2405 1784 2471 Johannes

273 2490 403 2576 Stokys,
418 2499 533 2556 tenent
549 2495 729 2558 inmediate
745 2496 786 2558 de
800 2496 934 2558 domino
949 2516 1039 2580 rege,
1052 2503 1092 2559 ut
1106 2494 1147 2557 de
1162 2495 1282 2558 ducatu
1298 2514 1357 2557 suo
1372 2493 1571 2570 Lancastrie,
1581 2501 1671 2558 certa
1685 2501 1785 2559 terras

272 2587 307 2642 et
321 2589 511 2644 tenemento
526 2582 560 2643 in
576 2582 717 2648 Narnia
732 2583 884 2662 Hsvavn,
901 2603 962 2667 que
984 2602 1091 2667 nuper
1114 2583 1246 2645 fuerunt
1260 2581 1417 2645 Almarici
1433 2581 1473 2645 de
1489 2581 1609 2645 Sancto
1623 2582 1785 2660 Amando,

273 2686 329 2747 per
342 2669 515 2730 servicium
529 2669 575 2733 di.
592 2669 614 2734 f.
630 2691 675 2734 m.

315 2803 455 2870 Thomas
470 2807 605 2872 Temese
620 2816 713 2872 tenet
727 2810 907 2873 inmediate
923 2809 964 2872 de
979 2808 1114 2872 domino
1128 2827 1204 2891 rege
1219 2809 1274 2872 i.c.
1291 2815 1380 2871 certa
1404 2814 1508 2870 terras
1534 2815 1569 2872 et
1594 2813 1786 2871 tenemento

272 2896 316 3045 ip]
323 2895 466 3046 hfinlplnan
478 2896 620 2960 Hsvnnn
635 2897 793 2980 predicta,
806 2918 868 2980 que
883 2917 988 2980 nuper
1001 2897 1137 2959 fuerunt
1151 2895 1318 2959 Edmundi
1334 2894 1527 2979 cormayles,
1538 2915 1595 2978 per
1611 2896 1784 2959 servicium

315 3120 458 3184 Thomas
471 3120 636 3204 Depeden,
651 3128 686 3184 et
701 3119 893 3184 Elisabetha
909 3119 1126 3204 'lhenchefoyl
1142 3125 1259 3184 tenent
1282 3119 1464 3183 inmediate
1490 3119 1532 3183 de
1554 3121 1687 3184 domiuo
1709 3139 1783 3203 rege

272 3209 325 3273 ic.
342 3215 431 3272 certa
456 3215 558 3272 terras
581 3214 617 3273 et
642 3215 833 3273 tenemento
860 3209 994 3288 ibidem,
1009 3228 1072 3291 que
1098 3227 1201 3291 nuper
1224 3206 1357 3270 fuerunt
1383 3204 1543 3270 Johannis
1557 3206 1784 3291 Thenchefoyh

272 3297 394 3381 Rogeri
410 3295 539 3376 Sauoer,
556 3303 591 3358 et
605 3294 763 3360 Johannis
779 3296 885 3378 Sully,
900 3317 959 3379 per
973 3297 1148 3358 servicium
1164 3313 1219 3360 un.
1234 3294 1257 3359 s.
1273 3315 1319 3359 m.
1337 3300 1373 3357 et
1386 3294 1432 3358 di.

318 3433 499 3498 willelmus
534 3432 659 3513 Dardi,
695 3442 730 3498 et
766 3433 924 3496 Robertns
960 3433 1122 3516 Tonrnay‚
1162 3436 1277 3496 tenent
1311 3431 1502 3508 inmediate,
1546 3432 1586 3496 de
1633 3433 1784 3515 episcopo

271 3522 513 3607 Wyntoniensi,
529 3526 617 3584 certa
632 3527 735 3584 terras
748 3525 784 3585 et
797 3528 987 3586 tenemento
1002 3521 1037 3582 in
1053 3519 1180 3598 Consu,
1206 3539 1269 3602 que
1294 3539 1399 3602 nuper
1424 3520 1560 3582 suerrmt
1587 3518 1718 3584 Ricardi
1742 3520 1783 3583 de

273 3609 404 3687 Combe,
418 3615 453 3672 et
467 3607 603 3672 Roberti
617 3608 658 3672 de
673 3607 922 3692 Remmesbury,
935 3628 992 3690 per
1008 3608 1180 3671 servicium
1198 3627 1252 3671 un.
1268 3604 1292 3672 f.
1310 3628 1355 3672 m.
1373 3612 1407 3670 et
1421 3606 1467 3671 di.

316 3747 477 3810 Robertus
492 3746 652 3830 Brunyng
666 3752 760 3810 tenet
772 3746 965 3824 inmediate,
976 3746 1018 3809 de
1033 3743 1209 3809 heredibus
1224 3744 1354 3807 comitis
1365 3741 1572 3823 Herefordie,
1583 3749 1671 3807 certa
1681 3750 1784 3807 terras

271 3835 606 3987 idrvieoidrhedntafih
623 3832 879 3912 Onnsvnesonv,
909 3854 975 3917 que
1004 3853 1104 3917 nuper
1126 3831 1268 3960 ¹fuerunt
1296 3829 1432 3895 Henrici
1462 3831 1501 3894 de
1527 3830 1561 3894 la
1591 3830 1705 3915 Folps‚
1726 3851 1784 3916 per

314 4060 336 4124 J
337 4061 479 4124 ohannes
490 4059 639 4143 Beynton
656 4063 747 4122 tenet
762 4057 943 4122 inmediste
958 4059 998 4122 de
1013 4059 1118 4142 priore
1130 4056 1306 4140 Wyntonie
1321 4061 1410 4120 certa
1425 4062 1527 4120 terras
1542 4059 1578 4119 et
1593 4060 1783 4122 tenementa

272 4149 307 4211 in
325 4149 689 4301 dnvmshilinsonnrov,
704 4167 768 4229 qne
781 4167 889 4230 nuper
903 4147 1039 4210 fuerunt
1054 4145 1188 4210 Roberti
1203 4143 1391 4220 Horevode,
1406 4164 1465 4228 per
1479 4143 1652 4207 servicium
1668 4149 1783 4228 quarte

272 4245 375 4319 partis
389 4257 447 4302 un.
477 4285 485 4300 .
540 4284 548 4300 .

317 4372 483 4441 Johannes
497 4372 586 4437 Lisle
601 4378 692 4437 tenet
707 4372 887 4436 inmediate
902 4372 943 4434 de
966 4373 1074 4455 priore
1089 4369 1264 4453 Wyntonie
1289 4376 1325 4432 et
1347 4366 1498 4432 Johanne
1522 4366 1674 4452 Beynton
1698 4374 1785 4434 certa

272 4467 375 4632 {effi}
389 4472 434 4612 ἓξ]
440 4468 629 4615 tpnelrpenta
643 4459 781 4538 ibidem,
795 4479 859 4543 qne
875 4480 979 4542 nuper
994 4459 1128 4524 hrenmt
1143 4454 1266 4530 Thome
1282 4455 1384 4537 Lisle,
1398 4477 1456 4539 per
1470 4456 1641 4520 servicium
1666 4462 1782 4540 quarte

317 4690 442 4754 Dicunt
463 4691 569 4753 eciam
591 4689 755 4775 juratores
768 4687 922 4772 predicti,
936 4686 1023 4769 quod
1047 4683 1138 4749 nulle
1164 4689 1242 4748 sunt
1265 4683 1330 4748 alie
1356 4702 1502 4767 persone,
1525 4683 1592 4745 sive
1618 4685 1782 4761 tenentes,

274 4777 359 4841 inira
388 4777 594 4840 hundredum
618 4777 816 4861 predictum,
846 4774 950 4838 seisiti
979 4775 1016 4836 iu
1045 4772 1207 4836 dominico
1237 4791 1296 4834 suo
1325 4771 1516 4834 immediate
1546 4776 1584 4832 nt
1613 4768 1784 4833 delibero

274 4871 462 4930 tenemento
485 4865 573 4928 unde
595 4864 699 4928 iidem
724 4882 868 4947 persone,
883 4861 950 4924 sive
975 4867 1136 4938 tenentes,
1152 4859 1385 4943 possessionati
1413 4859 1569 4933 existunt,
1585 4858 1643 4940 qui
1668 4862 1783 4920 tenent

274 4973 332 5036 per
345 4954 512 5039 integrum
527 4951 658 5016 feodum
673 4952 790 5015 militis
813 4949 1041 5027 medietatem,
1057 4947 1205 5025 terciam,
1221 4945 1270 5010 vel
1299 4954 1449 5028 quartam
1475 4949 1602 5028 partem
1626 4964 1683 5008 un.
1699 4944 1722 5008 f.
1738 4967 1783 5011 m.

271 5039 440 5107 inclusive.

194 5189 201 5196 '
316 5179 357 5244 ln
370 5179 465 5266 cnjus
478 5179 528 5244 rei
541 5178 767 5243 testimoninm
782 5181 844 5243 etc.
916 5223 920 5231 -
