4092 6117
839 1094 1213 1204 &brissiis

823 1359 920 1431 ab.
964 1359 1242 1431 isos-1304.

320 1569 496 1633 Edwardus
511 1570 565 1633 dei
578 1571 687 1652 gratia
701 1589 757 1631 rex
773 1568 890 1653 Anglie
906 1570 1057 1633 dominus
1082 1569 1239 1632 Hibernia
1260 1574 1295 1632 et
1318 1570 1384 1631 dux
1398 1570 1576 1654 Aquitanie
1592 1570 1777 1632 vicecomiti

277 1655 455 1740 Wigornie,
464 1657 614 1720 salutem.
646 1655 728 1720 Cum
739 1658 857 1738 prelati
870 1660 1007 1721 comites
1018 1658 1151 1720 barones
1162 1663 1197 1719 st
1209 1657 1309 1718 ceteri
1323 1663 1495 1742 magnates
1506 1657 1546 1720 de
1558 1676 1658 1741 regno
1669 1661 1777 1719 nostro

277 1745 479 1807 concorditer
507 1764 565 1826 pro
595 1763 629 1806 se
660 1750 694 1805 et
723 1764 782 1826 pro
811 1749 883 1806 tota
912 1747 1150 1807 communitate
1182 1743 1328 1826 ejusdem
1359 1745 1452 1830 regni
1482 1746 1585 1806 nostri
1614 1744 1649 1806 in
1680 1743 1777 1826 pleno

277 1831 491 1915 parliamento
516 1837 627 1894 nostro
650 1832 684 1893 in
712 1831 817 1914 primo
842 1832 896 1894 die
921 1831 1016 1894 Junii
1042 1852 1126 1895 anno
1152 1833 1245 1916 regni
1270 1832 1371 1894 nostri
1395 1832 1520 1895 decimo
1545 1839 1658 1893 octavo
1684 1829 1777 1894 nobis

277 1919 510 1982 concessissent
524 1918 742 2001 quadraginta
756 1918 875 1981 solidos
888 1919 930 1982 de
945 1919 1086 2002 singulis
1101 1919 1204 1981 feodis
1219 1918 1368 1981 militum
1382 1920 1418 1981 in
1433 1919 1522 1981 dicto
1544 1937 1645 2000 regno
1666 1923 1776 1981 nostro

277 2006 312 2067 in
326 2005 485 2068 auxilium
499 2005 540 2068 ad
555 2006 811 2089 primogenitam
827 2005 930 2069 filiam
945 2015 1088 2068 nostram
1102 2006 1322 2068 maritandam
1337 2005 1492 2068 levandos
1508 2007 1548 2068 de
1563 2026 1626 2089 quo
1641 2005 1775 2088 quidem

276 2094 399 2156 auxilio
427 2092 572 2155 nondum
601 2091 695 2155 nobis
724 2098 777 2155 est
806 2093 1011 2157 satisfactum
1042 2100 1077 2156 et
1106 2113 1144 2156 eo
1182 2093 1324 2175 digniori
1354 2093 1481 2156 videtur
1518 2093 1775 2156 consideracione

276 2180 463 2263 predictum
477 2179 638 2242 auxilium
662 2180 849 2262 gratancius
875 2188 909 2242 et
932 2180 1069 2243 celerius
1093 2180 1187 2243 nobis
1202 2181 1283 2243 solvi
1298 2179 1412 2242 debere
1427 2180 1513 2263 quod
1529 2179 1601 2263 ejas
1615 2179 1774 2242 levacioni

278 2267 319 2330 ad
333 2268 423 2331 dicte
437 2265 682 2329 communitatis
696 2268 925 2330 aisiamentum
940 2268 1068 2330 tamdiu
1082 2268 1283 2350 supersederi
1305 2267 1514 2351 permisimus
1529 2273 1697 2349 hucusque
1712 2266 1777 2330 tibi

276 2355 474 2438 precipimus
500 2355 591 2416 omni
616 2353 793 2436 diligencia
817 2375 881 2437 qua
906 2353 978 2418 fieri
1003 2356 1125 2438 poterit
1150 2354 1327 2440 diligenter
1350 2355 1450 2416 iacias
1479 2354 1708 2436 inquisiciones
1735 2354 1775 2416 de

277 2442 432 2525 predictis
455 2440 557 2504 feodis
580 2441 665 2503 sicut
691 2441 772 2503 alias
795 2441 837 2503 de
861 2440 1049 2524 hujusmodi
1075 2443 1178 2506 feodis
1203 2462 1260 2524 pro
1286 2441 1449 2504 consimili
1471 2440 1593 2504 auxilio
1616 2440 1685 2502 fieri
1700 2460 1773 2502 con-

277 2534 462 2592 sueverunt.
507 2526 553 2590 Et
578 2529 682 2590 dictos
707 2529 925 2613 quadraginta
951 2528 1070 2592 solidos
1093 2529 1134 2592 de
1161 2529 1297 2613 siugulis
1320 2527 1424 2592 feodis
1449 2529 1594 2591 militum
1621 2527 1775 2610 predictis

276 2615 363 2679 infra
376 2615 569 2678 comitatum
592 2614 775 2690 predictum
789 2614 831 2677 ad
846 2635 927 2699 opus
942 2622 1087 2680 nostrum
1102 2616 1219 2700 collegi
1234 2621 1267 2679 et
1281 2615 1384 2679 levari
1399 2615 1496 2678 facias
1518 2615 1612 2700 juxta
1637 2615 1775 2677 formam

276 2703 387 2766 littero
401 2707 511 2765 nostre
525 2702 670 2785 patentis
684 2702 724 2764 de
739 2722 859 2786 magno
874 2702 982 2786 sigillo
997 2710 1108 2766 nostro
1122 2724 1220 2788 quam
1235 2723 1337 2787 nuper
1352 2702 1600 2786 archiepiscopis
1616 2702 1776 2785 episcopis

275 2788 446 2854 abbatibus
468 2786 627 2871 prioribus
650 2788 823 2852 comitibus
845 2789 1017 2854 baronibus
1043 2790 1205 2854 militibus
1228 2795 1260 2854 et
1288 2789 1439 2854 omnibus
1460 2789 1534 2852 aliis
1549 2789 1589 2851 de
1615 2790 1774 2852 comitatu

277 2877 424 2960 predicto
438 2881 474 2938 et
493 2875 553 2939 tibi
580 2880 615 2939 et
640 2877 734 2938 sociis
748 2878 816 2938 tuis
830 2878 887 2961 qui
902 2897 968 2939 una
982 2883 1092 2940 tecum
1108 2880 1312 2962 assignantur
1326 2876 1367 2940 ad
1383 2877 1540 2958 premissa
1555 2877 1703 2938 facienda
1718 2897 1776 2958 per

276 2964 369 3028 breve
383 2966 531 3026 nostrum
545 2962 682 3025 fecimus
696 2963 896 3028 demandari.
941 2965 984 3026 Et
1008 2965 1158 3028 denarios
1185 2964 1260 3028 inde
1284 2966 1509 3048 provenientes
1532 2962 1653 3026 habeas
1668 2982 1775 3026 coram

277 3050 451 3115 baronibus
477 3049 517 3112 de
543 3051 701 3112 scaccario
725 3057 833 3113 nostro
855 3051 941 3134 apud
965 3051 1148 3114 Eboracum
1170 3052 1212 3114 ad
1227 3053 1387 3114 terminos
1401 3053 1436 3115 in
1453 3051 1541 3114 dicta
1556 3050 1651 3112 litera
1666 3056 1776 3112 nostra

276 3139 404 3222 patenti
420 3139 563 3200 statutos
577 3137 670 3200 nobis
681 3137 850 3201 solvendos
861 3138 1029 3202 Mittimus
1040 3141 1143 3202 eciam
1157 3140 1196 3202 ad
1214 3146 1322 3222 partes
1336 3148 1410 3202 tuas
1424 3138 1581 3202 dilectum
1596 3145 1631 3200 et
1645 3137 1774 3200 fidelem

276 3232 425 3289 nostrum
439 3223 545 3287 Adam
560 3225 601 3286 de
616 3223 837 3309 Herwyngton
852 3226 893 3288 ad
908 3226 1180 3309 supervidendum
1196 3227 1283 3288 facta
1297 3230 1357 3289 tua
1372 3232 1406 3288 et
1422 3225 1581 3288 sociorum
1593 3230 1723 3288 tuorum
1734 3224 1775 3287 de

275 3313 504 3397 premissorum
527 3310 648 3373 effectu
670 3315 707 3374 et
729 3313 771 3375 ad
794 3311 1002 3376 excitandum
1017 3334 1075 3378 vos
1089 3313 1174 3396 quod
1203 3313 1431 3396 inquisiciones
1446 3311 1487 3375 de
1501 3310 1605 3375 leodis
1619 3311 1775 3394 predictis

277 3403 340 3463 rite
366 3405 401 3462 et
415 3419 489 3462 vero
512 3419 659 3480 processu
683 3400 908 3462 exanimentur
934 3406 969 3462 et
994 3400 1080 3485 quod
1105 3402 1262 3484 peccunia
1284 3399 1451 3462 antedicta
1477 3399 1626 3462 celeriter
1641 3398 1774 3461 levetur.

277 3488 330 3551 Ita
344 3486 432 3570 quod
446 3489 550 3568 possit
563 3485 655 3549 nobis
670 3487 750 3548 solvi
773 3487 892 3571 absque
917 3489 1007 3549 omni
1029 3487 1187 3551 dilacione
1212 3488 1252 3550 ad
1276 3487 1434 3550 terminos
1447 3489 1481 3549 in
1507 3486 1596 3549 dicto
1620 3486 1775 3548 mandato

276 3580 386 3639 nostro
411 3573 540 3656 plenius
563 3577 732 3636 contentos
756 3579 854 3637 etad
877 3575 1078 3637 referendum
1104 3574 1197 3637 nobis
1212 3574 1343 3657 qualem
1359 3574 1569 3656 diligentiam
1584 3571 1724 3635 feceritis
1738 3573 1773 3634 in

276 3661 454 3745 premissis.
498 3659 680 3723 Attendens
705 3661 733 3722 si
756 3662 834 3745 quid
857 3668 896 3723 tn
920 3662 1098 3724 vicecomes
1123 3663 1208 3746 quod
1232 3662 1274 3724 ad
1300 3659 1361 3724 hoc
1387 3680 1613 3744 promonemus
1636 3665 1670 3721 te
1697 3661 1773 3723 etsi

276 3769 370 3831 super
392 3749 452 3810 hoc
474 3749 626 3811 remissus
639 3746 690 3810 vel
713 3749 881 3832 negligens
905 3756 1048 3831 repertus
1063 3748 1161 3812 hieria
1181 3750 1359 3832 graviorem
1385 3747 1591 3830 punicionem
1616 3746 1679 3808 tibi
1694 3746 1772 3810 iaci-

276 3857 369 3900 amus
383 3833 500 3917 iufligi.
544 3835 641 3898 Teste
652 3834 702 3896 W.
715 3835 755 3897 de
766 3833 915 3900 Carleton
931 3837 1018 3919 apud
1034 3837 1213 3901 Eboracum
1230 3835 1289 3919 xij⁰
1310 3835 1363 3898 die
1378 3834 1566 3898 Decembris
1581 3853 1666 3898 anno
1681 3835 1774 3919 regni

275 3922 378 3988 nostri
392 3923 491 4008 mje

318 4123 496 4190 Edwardns
510 4124 562 4188 dei
576 4125 683 4210 gratia
696 4145 751 4186 rex
762 4123 880 4208 Anglie
894 4128 956 4189 etc.
966 4123 1096 4188 dilectis
1110 4130 1145 4186 et
1160 4123 1309 4187 fidelibus
1325 4124 1391 4186 suis
1404 4123 1587 4186 vicecomiti
1600 4123 1774 4208 Wygornie

276 4218 311 4276 et
335 4211 462 4275 Simoni
485 4211 527 4274 de
553 4210 667 4274 Creme
693 4211 734 4273 sd
756 4210 914 4280 auxilium
937 4212 1152 4296 quadraginta
1167 4211 1340 4274 solidorum
1356 4210 1448 4274 uobis
1461 4211 1503 4273 de
1518 4211 1656 4296 singilis
1672 4213 1775 4276 feodis

277 4299 423 4364 militum
447 4299 482 4362 in
508 4318 608 4384 regno
633 4303 745 4362 nostro
770 4299 810 4362 ad
834 4301 1089 4384 primogenitam
1119 4299 1220 4361 filiam
1248 4305 1393 4362 nostram
1423 4300 1642 4363 maritandam
1672 4320 1776 4382 nuper

276 4406 460 4451 concessum
485 4387 520 4448 iu
549 4387 709 4448 comitatu
738 4386 884 4469 predicto
909 4387 1083 4449 levandum
1108 4394 1143 4450 et
1168 4385 1388 4471 colligendum
1413 4386 1597 4470 assignatis,
1621 4387 1772 4452 salutem.

276 4473 471 4539 Monstravit
483 4473 577 4537 nobis
591 4473 729 4536 Thomas
743 4473 784 4536 de
800 4471 917 4536 Coston
933 4475 1019 4558 quod
1035 4475 1193 4557 cumipse
1209 4473 1328 4558 viginti
1342 4493 1431 4536 acras
1446 4480 1533 4536 terre
1561 4478 1692 4538 tantum
1717 4495 1774 4559 per

277 4562 446 4625 servicium
475 4560 724 4646 quadragesime
753 4563 855 4644 partis
883 4563 906 4624 f.
928 4561 956 4646 j.
981 4583 1028 4628 m.
1053 4566 1162 4624 teneat
1187 4561 1222 4623 in
1252 4560 1378 4629 Oosrou
1404 4567 1438 4623 et
1464 4560 1550 4624 idem
1577 4561 1715 4624 Thomas
1739 4570 1774 4626 et

276 4653 494 4712 antecessores
519 4648 570 4711 sui
593 4654 741 4711 tenentes
766 4654 886 4712 terram
901 4648 1083 4731 predictam
1095 4668 1161 4711 non
1176 4647 1241 4709 nisi
1256 4668 1313 4730 pro
1327 4657 1398 4710 rata
1412 4647 1574 4731 porcionis
1589 4654 1702 4712 tenure
1718 4670 1774 4712 sue

276 4736 436 4818 ceterique
450 4739 599 4797 tenentes
613 4735 781 4798 residuum
795 4735 934 4816 predicti
950 4735 1037 4798 feodi
1063 4756 1118 4818 pro
1143 4739 1214 4797 rata
1236 4735 1398 4817 porcionis
1419 4737 1504 4817 ipsos
1530 4733 1606 4797 inde
1622 4735 1773 4799 similiter

276 4822 498 4906 contingentis
516 4842 580 4904 quo
595 4822 636 4884 ad
651 4821 841 4905 hujusmodi
863 4823 985 4884 auxilia
1000 4829 1035 4886 et
1056 4823 1272 4906 prestaciones
1286 4821 1470 4884 consimiles
1485 4822 1668 4885 faciendum
1684 4822 1775 4886 nobis

276 4909 470 4992 respondere
498 4919 737 4972 consueverunt
764 4909 807 4973 ab
833 4911 979 4993 antiquo.
1023 4909 1089 4972 Vos
1118 4907 1350 4973 nichilominus
1386 4909 1494 4991 ipsum
1535 4907 1695 4973 Thomam
1732 4911 1773 4974 ad

276 4996 435 5059 auxilium
446 4995 630 5078 predictum
641 4995 773 5060 feodum
783 4998 911 5080 integre
922 4997 1130 5080 prestandum
1143 5017 1180 5059 ac
1192 4997 1219 5058 si
1230 4997 1300 5079 ipse
1312 4997 1441 5059 feodum
1454 4996 1637 5079 predictum
1648 4998 1775 5081 integre

275 5088 402 5147 teneret
415 5103 490 5146 cum
504 5103 567 5146 non
584 5089 693 5147 teneat
707 5082 908 5169 distringitis
924 5085 1032 5146 miuus
1057 5085 1145 5168 juste
1171 5084 1205 5145 in
1221 5084 1317 5146 istius
1338 5082 1461 5146 Thome
1484 5083 1694 5166 dispendium
1709 5104 1774 5147 non

277 5171 440 5233 modicum
469 5175 504 5233 et
532 5191 715 5252 gravamen.
761 5170 915 5235 Nolentes
944 5173 1047 5255 igitur
1076 5171 1162 5255 quod
1191 5171 1298 5234 eidem
1329 5169 1451 5232 Thome
1483 5191 1579 5254 super
1608 5172 1773 5253 premissis

276 5257 760 5409 ipjprrtigturdvobisTrpandamus
774 5260 860 5360 quod
883 5261 911 5321 si
927 5261 982 5412 ptis:
1000 5259 1047 5409 bist
1057 5264 1148 5409 f{ipsc
1162 5257 1406 5410 Ἆὶίὓὶὲῄᾳεῖἐοῗέ
1422 5256 1774 5408 districtipdnibpxsssip—

298 5364 350 5408 er
417 5364 449 5407 er
473 5364 526 5407 em
601 5365 673 5409 ome
697 5366 863 5411 occasione
889 5366 928 5430 pr
982 5367 1000 5410 ο
1109 5365 1164 5410 ren
1253 5365 1314 5410 esre
1350 5365 1372 5408 n
1408 5365 1544 5428 stpsum
1614 5365 1633 5408 a
1716 5367 1773 5410 um
