4092 6117
296 539 361 607 226
910 544 1185 616 wluusflruu.

347 830 530 915 Inquisioio
543 838 639 918 cupis
652 835 740 918 spud
754 833 882 898 Novam
897 833 1124 912 Serisburism,
1134 834 1189 899 die
1204 835 1295 898 Lune
1309 833 1456 918 proxima
1470 839 1543 919 post
1557 835 1677 900 festum
1694 835 1808 900 Remis

300 917 499 997 Pulmarum,
509 941 593 984 auno
607 924 699 1008 regni
714 923 800 1007 regis
817 922 952 986 Henrici
968 925 1075 1008 quarti
1092 928 1167 1006 post
1181 931 1397 1009 conquestum
1413 925 1525 1000 tercio,
1536 944 1639 986 corum
1656 923 1807 987 Johsnue

301 1004 457 1090 Goweyn‚
487 1010 678 1074 vicecomite
715 1009 847 1088 Wiltes‚
885 1016 919 1073 et
957 1011 1054 1073 sociis
1091 1011 1170 1090 suis,
1199 1010 1450 1073 comissionariis
1488 1011 1615 1075 domini
1651 1013 1737 1095 regis
1765 1012 1809 1077 ud

300 1093 496 1158 racionabile
511 1097 671 1159 auxilium
685 1118 742 1181 pro
757 1095 933 1176 Blsuohes‚
947 1098 1166 1182 primogenitu
1181 1097 1249 1160 filis
1263 1098 1389 1161 domiui
1403 1099 1489 1182 regis
1503 1119 1601 1176 nuuc,
1613 1099 1807 1177 maritanda,

301 1181 525 1266 colligendum
551 1190 587 1246 et
612 1185 796 1263 levandum,
825 1205 881 1268 per
906 1191 1146 1248 sacramentum
1178 1185 1311 1248 Henrici
1343 1184 1522 1263 Gerehsrd,
1549 1185 1680 1249 Ricardi
1703 1185 1806 1266 Rede,

301 1266 461 1331 Johsunis
475 1269 604 1354 Yonge‚
618 1271 639 1335 J
641 1269 778 1334 ohannis
792 1270 951 1356 Gylberd‚
964 1269 1127 1335 Johsunis
1142 1271 1230 1348 Coof,
1247 1272 1407 1338 Willelmi
1422 1271 1581 1350 Brasiere‚
1596 1272 1754 1340 Willelmi
1768 1273 1809 1336 de

302 1355 636 1433 Harleston,Heu1'ioi
654 1359 774 1436 Pieres,
785 1357 945 1422 Johsunis
961 1359 1128 1442 Lyteltou,
1139 1358 1262 1422 Thome
1279 1359 1419 1436 Gocche‚
1430 1358 1451 1421 J
1454 1359 1594 1424 ohannis
1607 1361 1807 1445 Lyugeuere,

299 1448 334 1504 et
348 1438 480 1506 Ricardi
496 1443 609 1528 Rarry,
626 1448 682 1529 qui
698 1447 815 1510 dicunt
830 1466 926 1529 snper
941 1451 1177 1509 sacramentum
1194 1467 1300 1525 suum,
1319 1448 1403 1532 quod
1415 1471 1468 1509 :-

735 1669 972 1757 [Huuusuuuu
996 1693 1040 1737 uu
1063 1670 1376 1758 CADEWORTH]
1468 1696 1477 1711 ·

343 1830 508 1896 Johaunes
523 1831 667 1916 Goweyu
682 1839 775 1896 tenet
790 1833 976 1897 manerium
991 1834 1031 1896 de
1047 1833 1265 1911 Hennenses,
1280 1853 1353 1896 cum
1369 1834 1593 1917 pertinenciis,
1607 1834 1647 1898 de
1673 1834 1804 1897 domino

300 1939 375 2002 rege
390 1921 443 1984 ic.
460 1922 529 1983 siue
545 1921 664 2000 medio,
680 1922 796 2004 perdi.
812 1920 835 1983 f.
850 1943 908 1986 uu.
925 1942 969 1987 m.
985 1922 1071 1984 infrs
1085 1919 1293 1984 hundredum
1308 1921 1348 1984 de
1364 1919 1562 1986 Gedeworth.

344 2081 432 2145 item
446 2081 572 2160 dicunt,
586 2081 671 2168 quod
687 2103 752 2145 uus
767 2082 904 2146 dimidie
918 2083 1046 2164 virgnis
1061 2087 1156 2160 terre,
1166 2102 1241 2164 cum
1260 2101 1326 2145 uuo
1341 2081 1507 2144 communi
1522 2079 1627 2160 furno,
1639 2087 1674 2144 et
1688 2079 1805 2144 bellive

299 2167 461 2232 forestarii
487 2169 527 2233 de
543 2170 761 2249 Gemmeus,
776 2175 934 2233 tenentur
959 2170 1001 2232 de
1027 2168 1160 2232 domino
1186 2189 1260 2254 rege
1274 2169 1326 2233 ic.
1342 2169 1411 2232 siue
1426 2169 1546 2246 medio,
1562 2189 1618 2252 per
1634 2168 1803 2232 servicium

301 2277 366 2320 v.s.
390 2277 449 2340 per
479 2277 612 2336 sunum,
640 2257 726 2319 infra
751 2257 959 2321 hundredum
984 2256 1183 2340 predictum,
1209 2263 1242 2319 et
1267 2257 1403 2318 suntin
1433 2275 1533 2318 manu
1557 2255 1684 2319 domiui
1709 2257 1806 2340 regis,

300 2345 427 2408 racione
442 2347 578 2408 minoris
593 2346 693 2408 etatis
706 2343 877 2423 Johuuuis,
891 2344 953 2408 filii
968 2356 1002 2408 et
1018 2343 1148 2410 heredis
1162 2341 1323 2408 Johuunis
1338 2341 1556 2408 Blaunchard.

342 2505 387 2568 Et
401 2507 517 2569 dicunt
532 2527 630 2590 super
644 2512 886 2571 sacramentum
903 2527 1011 2584 suum,
1026 2506 1112 2591 quod
1128 2525 1193 2568 uon
1209 2509 1286 2568 runt
1300 2503 1394 2588 plura
1410 2509 1506 2583 terre,
1521 2515 1581 2568 sut
1603 2511 1803 2585 tenements,

300 2599 395 2656 tenta
409 2593 450 2656 de
464 2592 597 2658 domino
611 2615 688 2679 rege
703 2597 757 2660 ie.
773 2596 844 2657 sine
858 2594 976 2674 medio,
992 2595 1078 2657 infra
1093 2593 1300 2656 hundredum
1316 2593 1514 2676 predictum.

785 3007 1023 3098 [Huunuuuuu
1046 3031 1090 3076 uu
1114 3007 1326 3096 CAUDEN.]

344 3171 433 3236 Item
447 3171 573 3252 dicunt,
587 3147 672 3256 quod
701 3173 864 3236 Walterus
890 3172 1044 3257 Romesy,
1067 3171 1221 3251 chivaler‚
1245 3179 1337 3236 tenet
1361 3173 1577 3235 medietatem
1600 3172 1740 3235 menesii
1766 3171 1808 3235 de

302 3259 442 3328 Counsu
457 3258 578 3338 Risus,
595 3261 636 3323 de
651 3259 785 3324 domino
800 3280 878 3345 rege
904 3263 959 3326 i.c.
976 3263 1047 3324 sine
1073 3260 1194 3337 medio,
1210 3280 1268 3344 per
1283 3260 1455 3324 servicium
1470 3262 1512 3326 ix.
1529 3260 1633 3343 partis
1647 3258 1671 3325 f.
1688 3280 1742 3326 uu.
1759 3280 1805 3326 m.

300 3348 386 3411 iufra
401 3346 607 3412 hundredum
623 3347 663 3410 de
679 3347 823 3413 Cuudeu.

785 3733 1021 3823 [Huuunnnuu
1044 3758 1088 3803 uu
1111 3733 1324 3824 Bennett]

348 3901 438 3963 Item
453 3897 580 3975 dicunt,
589 3899 677 3981 quod
690 3897 775 3961 Milo
792 3898 965 3983 Stupelton
980 3903 1074 3964 tenet
1087 3900 1301 3964 medietatem
1315 3900 1454 3962 msuerii
1468 3898 1509 3962 de
1524 3899 1736 3978 Linonroun,
1748 3918 1806 3982 per

303 3990 476 4051 servicium
491 3986 537 4051 di.
554 3984 577 4050 f.
594 4007 639 4050 m.
656 3985 698 4048 de
712 3986 845 4049 domino
859 4007 937 4072 rege
952 3988 1005 4052 ic.
1020 3989 1091 4051 siue
1106 3987 1226 4065 medio,
1240 3988 1326 4050 infru
1341 3985 1545 4051 hundredum
1560 3987 1600 4050 de
1617 3985 1753 4050 Breuch.

347 4151 509 4213 Henricus
524 4145 674 4231 Pophsm
688 4155 782 4212 tenet
797 4150 935 4213 sltersm
950 4151 1164 4215 medietatem
1180 4152 1318 4214 manerii
1334 4151 1374 4214 de
1390 4151 1603 4228 Lsuunvouu,
1619 4151 1660 4214 de
1675 4151 1808 4216 domiuo

303 4258 377 4324 rege
391 4239 446 4303 i.c.
464 4238 536 4300 sine
549 4236 669 4314 medio,
682 4255 739 4320 per
753 4239 927 4302 servicium
942 4239 986 4302 di.
1002 4238 1026 4304 s.
1042 4260 1087 4304 m.
1103 4239 1188 4302 infru
1203 4237 1411 4304 hundredum
1426 4238 1620 4322 predictum.

347 4400 536 4464 Willelmus
559 4399 728 4485 Esturmy,
753 4401 908 4480 chivuler,
930 4408 1024 4467 tenet
1047 4403 1259 4466 medietatem
1283 4403 1425 4466 manerii
1451 4402 1492 4465 de
1517 4401 1741 4480 Srsrnusosu,
1767 4402 1808 4466 de

305 4490 437 4553 domiuo
466 4508 544 4570 rege
573 4489 626 4552 tc.
658 4490 729 4552 sine
758 4490 881 4569 medio,
910 4492 946 4554 iu
975 4491 1116 4574 soougio,
1146 4489 1231 4575 quod
1261 4490 1348 4552 valet
1376 4509 1433 4573 per
1462 4508 1583 4552 sunum
1612 4510 1642 4552 x.
1656 4490 1691 4553 ii.
1721 4491 1807 4553 infra

303 4576 512 4640 hundredum
527 4575 721 4658 predictum.

348 4738 487 4800 Thomas
502 4736 691 4821 Adderbury
707 4745 798 4802 tenet
815 4739 856 4802 de
872 4739 1005 4803 domiuo
1019 4759 1096 4824 rege
1111 4740 1164 4805 i.c.
1178 4740 1248 4802 siue
1263 4739 1375 4802 medio
1389 4739 1600 4802 medietatem
1616 4739 1754 4801 manerii
1769 4739 1810 4802 de

306 4827 529 4902 suspensores,
547 4826 582 4887 iu
600 4827 739 4910 magio,
755 4828 840 4909 quod
856 4828 945 4892 velet
960 4847 1015 4910 per
1029 4847 1153 4892 sunum
1169 4828 1241 4892 ruli.
1258 4825 1344 4890 iuirs
1359 4826 1563 4889 hundredum
1579 4826 1774 4908 predictum.

349 4986 521 5050 Abbatissa
536 4993 570 5050 et
586 4995 764 5051 conventus
779 4989 819 5052 de
835 4990 970 5073 Wylton
986 4995 1102 5053 tenent
1116 4991 1227 5053 omnis
1241 4995 1341 5052 terras
1356 4995 1390 5052 et
1405 4995 1591 5052 tenemento
1607 5009 1663 5050 sus
1678 4991 1713 5051 iu
1736 4993 1807 5052 toto

305 5077 465 5138 comitatu
481 5075 596 5138 Wiltes
612 5074 651 5138 de
666 5075 797 5138 domiuo
813 5097 887 5162 rege
903 5078 956 5144 io.
973 5078 1044 5141 siue
1059 5078 1179 5154 medio,
1193 5097 1250 5160 per
1263 5076 1434 5141 servicium
1450 5096 1505 5140 un.
1521 5077 1545 5142 f.
1562 5097 1606 5142 m.

346 5238 391 5301 Et
414 5239 498 5319 quod
525 5258 589 5300 oon
615 5244 691 5301 sunt
718 5239 811 5321 plura
836 5245 934 5318 terre,
946 5246 1006 5304 sut
1030 5245 1229 5324 tenementis,
1246 5245 1338 5307 tenta
1364 5239 1405 5306 de
1427 5240 1558 5303 domiuo
1573 5259 1647 5322 rege
1662 5238 1717 5306 ic.
1735 5239 1804 5303 siue

304 5325 422 5411 medio,
438 5324 524 5392 iufra
538 5323 742 5398 hundredum
759 5326 800 5389 de
819 5326 940 5400 Brench
958 5329 1153 5422 predictum.
