4092 6117
336 636 379 707 88
980 638 1197 712 SUFFOLK.

380 932 520 998 Thomas
535 932 575 999 de
590 932 785 1019 Ponyngges
799 936 892 999 lensi
906 934 941 997 in
956 932 1072 1001 Bonus
1087 934 1128 997 de
1153 931 1330 997 herodibus
1357 932 1509 1018 lingonis
1534 928 1670 995 Burdolf
1688 933 1842 1014 qnnrtnm

338 1028 464 1107 purtem
480 1022 503 1086 f.
520 1044 565 1089 m.
580 1022 667 1106 quod
682 1020 848 1087 Johsnnes
863 1020 1020 1087 Carbone]
1036 1022 1200 1107 quondam
1214 1022 1324 1085 tenuit
1337 1022 1373 1083 in
1388 1019 1502 1120 endem
1517 1019 1605 1084 villu.

382 1167 522 1231 Thomas
545 1167 585 1230 ds
609 1167 776 1232 Lumburn
802 1171 893 1232 tenet
918 1168 945 1252 j.
963 1168 985 1232 f.
1001 1188 1048 1233 m.
1064 1172 1100 1232 et
1126 1176 1274 1253 quartum
1301 1171 1429 1249 partem
1455 1164 1478 1230 f.
1494 1185 1539 1230 m.
1555 1166 1589 1227 in
1606 1164 1779 1231 Pousinon
1797 1163 1840 1227 de

271 1253 276 1263 “
338 1252 685 1407 ggffivffiffiffltfeld
711 1255 843 1319 Peverel
875 1257 943 1335 (sio)
972 1256 1058 1339 quod
1082 1255 1221 1319 Jaoobus
1246 1254 1287 1316 de
1314 1251 1480 1316 Lumbum
1501 1252 1666 1337 quondam
1680 1252 1789 1315 tenuit
1805 1253 1841 1314 in

382 1479 475 1543 idem
500 1479 641 1543 Thomas
666 1481 707 1544 ds
730 1480 895 1543 Lumburn
922 1483 1013 1544 tenet
1033 1481 1062 1564 j.
1079 1478 1103 1545 f.
1120 1500 1165 1545 m.
1181 1481 1215 1541 in
1239 1478 1352 1543 eadsm
1369 1479 1446 1542 villa
1472 1482 1506 1541 et
1532 1478 1574 1541 de
1589 1477 1703 1540 eodem
1719 1475 1840 1539 honore

337 1567 423 1651 quod
439 1566 620 1632 Petronilla
635 1568 780 1652 Kemsyk
796 1568 961 1651 quondum
975 1570 1084 1631 tenuit
1098 1569 1133 1630 in
1150 1567 1265 1630 eadem
1282 1567 1369 1631 villa.

382 1710 547 1776 Johnnnss
570 1711 688 1776 Corbst
713 1717 802 1777 tenet
826 1714 861 1777 in
876 1713 1055 1779 Asuuenorr
1081 1712 1126 1778 di.
1142 1713 1165 1777 f.
1181 1732 1226 1777 m.
1242 1712 1282 1775 ds
1306 1711 1440 1774 domino
1462 1730 1537 1797 rege
1562 1717 1597 1775 el
1611 1710 1652 1774 de
1667 1710 1786 1774 honore
1800 1712 1842 1775 de

338 1798 499 1949 {iifltafelde
512 1798 643 1865 Peversl
658 1801 744 1884 qnod
770 1802 927 1885 magister
943 1800 1127 1865 Willelmus
1153 1800 1194 1863 de
1218 1798 1321 1863 Bosoo
1346 1798 1512 1883 qnondam
1538 1800 1646 1862 tenuit
1668 1800 1705 1861 in
1727 1799 1843 1863 sudem

382 2019 542 2085 Robertus
558 2004 817 2104 Ohnr'rmberleyn
832 2024 923 2085 tenet
938 2021 974 2084 in
992 2021 1102 2090 Sronn
1117 2020 1278 2088 Nurnoun
1293 2019 1337 2104 vj.
1354 2024 1480 2105 purtem
1495 2018 1518 2084 f.
1535 2039 1580 2084 m.
1594 2017 1637 2082 ds
1658 2015 1780 2081 honore
1800 2018 1843 2081 de

338 2105 422 2190 Rely
436 2107 524 2190 quod
538 2105 685 2193 Rogerns
700 2106 959 2193 Ohnumberleyn
974 2108 1139 2192 quondum
1154 2110 1263 2172 tenuit
1276 2111 1312 2172 in
1329 2108 1441 2172 endem
1456 2105 1545 2169 villa.

381 2253 586 2335 Augustinus
600 2253 631 2317 le
646 2253 774 2339 Wsleys
792 2258 881 2319 tenet
897 2255 933 2317 in
948 2255 1207 2322 Wrnnuunrsnn
1224 2254 1346 2320 Munuu
1368 2253 1413 2318 di.
1429 2252 1453 2317 f.
1470 2252 1511 2315 de
1537 2250 1669 2315 domino
1690 2270 1765 2337 rege
1786 2251 1839 2316 io.

338 2341 423 2421 qnod
439 2340 583 2425 Rogerus
598 2340 724 2405 stenl
738 2342 902 2426 quondum
918 2343 1029 2406 tenuit
1042 2343 1077 2405 in
1093 2342 1209 2406 endem
1226 2342 1357 2406 rilinde
1371 2339 1487 2403 eodem
1502 2358 1587 2424 rege.

385 2483 566 2547 willelmus
594 2485 635 2548 de
665 2484 803 2570 Clopion
832 2492 925 2551 tenet
954 2488 989 2550 in
1020 2487 1160 2553 Nnunou
1190 2486 1235 2551 di.
1266 2484 1293 2550 f.
1324 2506 1370 2551 m.
1401 2486 1442 2548 do
1472 2482 1592 2547 herede
1621 2482 1772 2567 Hugonis
1801 2484 1843 2547 de

338 2570 569 2655 Oddyngseles,
585 2574 671 2657 quod
685 2572 852 2637 Jolrsunes
867 2575 908 2637 do
923 2572 1057 2639 Clinton
1071 2585 1105 2639 et
1120 2574 1181 2638 Els
1195 2574 1234 2637 de
1250 2572 1472 2657 Oddyngseles
1487 2570 1650 2657 quondum
1665 2576 1843 2634 tenuerunt

338 2660 373 2722 in
389 2659 502 2722 endem
519 2660 597 2723 villa
612 2660 652 2723 de
669 2660 809 2745 Hugone
823 2662 865 2724 de
882 2661 1094 2744 Oddynseles.

380 2801 541 2865 Roberlus
555 2804 596 2865 de
613 2801 823 2867 Wntheshnm
838 2809 872 2866 sl
886 2803 1027 2867 Thomas
1042 2803 1082 2867 de
1101 2802 1251 2867 Verdoun
1265 2807 1381 2867 tenent
1395 2804 1430 2865 in
1448 2802 1639 2869 Surusrunn
1660 2802 1684 2888 j.
1702 2803 1724 2868 f.
1740 2825 1785 2868 m.
1801 2802 1842 2865 de

338 2886 459 2951 honore
484 2888 619 2953 Bolonie
644 2890 730 2973 quod
756 2889 919 2954 Gersrdus
943 2892 983 2956 de
1007 2889 1223 2959 Wstheshum
1249 2897 1284 2954 et
1303 2889 1443 2954 Thomas
1457 2890 1498 2953 de
1513 2890 1664 2953 Verdoun
1680 2890 1843 2973 quondum
1939 2910 1949 2925 ⁴
2023 2885 2024 2942 ἒ

339 2980 519 3040 tennerunt
533 2978 569 3040 iu
586 2977 702 3041 eudem
718 2978 808 3043 villa.

381 3112 474 3177 Prior
488 3114 529 3177 de
546 3112 756 3201 Horkislegh,
770 3113 904 3181 heredes
919 3115 1052 3180 Riosrdi
1068 3115 1227 3201 Burgeys‚
1240 3120 1276 3179 et
1290 3114 1425 3179 heredes
1440 3114 1600 3184 willelmi
1622 3114 1663 3177 de
1685 3114 1845 3178 Emstede

336 3206 451 3264 tenent
482 3204 517 3264 iu
543 3202 687 3269 Wnsnoro
715 3208 749 3266 et
778 3202 887 3271 Snoxn
919 3204 1080 3270 Nnunorsn
1111 3203 1152 3267 de
1181 3224 1256 3288 rege
1281 3202 1307 3286 j.
1339 3202 1364 3267 f.
1393 3224 1438 3269 m.
1468 3203 1555 3287 quod
1585 3200 1772 3270 willelmus
1801 3201 1844 3266 de
1910 3228 1915 3235 ·
1979 3199 1986 3213 '

338 3287 726 3462 {Iorksslgghssqffindam
752 3293 862 3355 lenuit
887 3293 922 3356 in
947 3292 1058 3356 eadem
1082 3291 1160 3355 villo
1185 3310 1260 3355 oum
1284 3292 1482 3375 percennriis
1505 3289 1572 3353 suis
1593 3286 1649 3376 [de
1663 3309 1739 3374 rege
1754 3294 1789 3353 et
1803 3289 1844 3353 de

361 3395 459 3441 onore
497 3396 514 3438 s
560 3396 645 3460 ey.

381 3513 525 3579 Andreas
541 3516 581 3579 de
597 3516 698 3581 Bnres
712 3522 809 3582 tenet
824 3518 858 3581 in
875 3520 1007 3585 Ansrors
1022 3524 1057 3583 ei
1072 3521 1208 3586 Aaron
1223 3518 1306 3581 duos
1321 3520 1430 3600 portes
1449 3517 1477 3600 j.
1494 3516 1517 3583 s.
1533 3537 1578 3582 m.
1593 3516 1636 3580 de
1650 3536 1726 3602 rege
1746 3523 1782 3582 sl
1803 3518 1845 3583 de

338 3602 456 3665 honore
471 3601 512 3665 de
527 3604 663 3667 Hatfeld
679 3603 812 3668 Peverel
826 3606 913 3688 quod
935 3606 1098 3669 lohannes
1113 3607 1154 3669 de
1170 3604 1364 3669 Hodebovill
1379 3604 1542 3687 qnondam
1557 3605 1664 3668 tenuit
1680 3607 1716 3667 in
1730 3606 1844 3669 eedem

339 3690 417 3753 villa
431 3710 506 3753 oum
522 3692 714 3774 pnrnenariis
729 3694 806 3758 suis.

381 3826 567 3911 Margarets
592 3827 632 3891 de
659 3828 862 3893 Denusrston
884 3826 939 3917 [de
965 3828 1127 3917 Marstou]
1160 3834 1253 3893 tenet
1278 3830 1415 3893 terciam
1440 3833 1567 3911 portem
1591 3827 1738 3912 ejusdem
1762 3829 1786 3895 f.
1802 3830 1843 3893 de

338 3915 483 3996 predicto
499 3916 624 3978 Andrea
639 3917 724 4001 quod
740 3915 905 3980 lohannes
920 3918 961 3981 de
976 3917 1169 3982 Hodebovill
1183 3915 1347 4001 quondum
1362 3918 1470 3980 tenuit
1486 3917 1522 3978 in
1537 3914 1652 3979 eudem
1667 3917 1746 3979 villa
1768 3937 1842 3980 oum

338 4000 410 4063 aliis
425 4004 492 4065 suis
507 4004 700 4085 paroensriis
722 4001 777 4091 [de
791 4024 866 4089 rege
882 4010 916 4068 et
931 4005 972 4069 de
987 4007 1101 4069 eodem
1115 4002 1268 4091 honore].

383 4144 522 4209 Andreas
536 4146 574 4209 de
590 4146 691 4211 Bures
705 4153 796 4211 tenet
811 4150 846 4211 in
861 4150 997 4215 Axnrou
1013 4150 1059 4214 di.
1076 4150 1100 4216 l.
1118 4171 1163 4214 m.
1181 4149 1221 4213 de
1235 4148 1356 4212 honore
1370 4147 1412 4211 de
1441 4147 1577 4211 Hatfeld
1604 4145 1734 4211 Psveoel
1757 4148 1844 4231 quod

337 4232 437 4317 Hugo
452 4234 626 4298 Talmsohe
640 4234 805 4319 qnondam
821 4239 932 4300 tenuit
946 4237 982 4299 in
998 4238 1112 4301 eadem
1127 4238 1207 4301 villa
1228 4234 1285 4323 [de
1300 4236 1387 4299 dioto
1403 4232 1556 4322 honore].
1682 4259 1687 4269 ’

380 4375 541 4441 Robertus
567 4378 609 4442 ds
634 4378 827 4457 Rokewode,
842 4380 935 4444 Anna
950 4382 991 4444 ds
1006 4382 1053 4445 Le
1076 4380 1147 4459 hes,
1168 4387 1202 4445 el
1217 4379 1381 4446 lohannes
1397 4378 1535 4444 Clarbek
1556 4377 1708 4467 [corbet]
1729 4385 1844 4445 tenent

338 4464 372 4527 in
389 4466 524 4531 Ausuou
539 4465 583 4528 di.
599 4467 623 4533 f.
640 4489 685 4532 m.
701 4467 741 4530 de
768 4466 886 4531 honore
912 4469 953 4532 de
979 4402 1116 4533 Hatfeld
1141 4469 1274 4533 Peverel
1298 4468 1385 4553 quod
1402 4468 1563 4531 Walterns
1587 4467 1628 4531 de
1651 4467 1846 4532 Hodebovill

338 4551 500 4635 quondam
515 4554 623 4616 tenuit
638 4554 673 4616 in
688 4554 801 4618 eadem
817 4556 906 4619 villu.

383 4688 475 4751 Prior
498 4686 740 4753 cantuariensis
762 4695 855 4755 leuet
879 4694 913 4755 in
938 4694 1069 4760 Innnon
1096 4694 1333 4760 Mourcuonnu
1355 4692 1381 4779 j.
1399 4691 1422 4758 f.
1439 4713 1485 4758 m.
1502 4696 1536 4756 st
1552 4692 1598 4758 di.
1614 4692 1655 4757 de
1669 4692 1790 4757 honoro
1803 4693 1844 4757 de

338 4774 464 4857 Elyoun
482 4777 567 4861 quod
582 4778 669 4839 idem
684 4778 772 4860 prior
786 4780 949 4864 quondam
964 4783 1084 4845 tenuit.

382 4918 574 5002 lladulphus
589 4919 629 4982 de
646 4918 782 4984 Shellou
797 4942 872 4986 oum
888 4926 1081 5009 puroenariis
1095 4926 1163 4989 suis
1177 4930 1294 4988 tenent
1308 4926 1342 4988 in
1359 4924 1489 4991 limos
1516 4922 1692 4991 Gonnum
1713 4924 1741 5007 j.
1756 4925 1780 4991 f.
1795 4946 1842 4992 m.

337 5012 372 5069 el
396 5006 440 5068 di.
456 5007 497 5069 de
520 5007 639 5070 honore
665 5009 707 5070 dn
733 5008 859 5091 Elyonn
880 5012 966 5095 quod
992 5012 1154 5077 Robertnn
1168 5012 1210 5075 de
1226 5012 1361 5076 Sheltou
1376 5012 1541 5096 quondum
1556 5011 1664 5075 lenuit
1679 5013 1714 5075 in
1729 5012 1843 5076 endem

337 5092 426 5169 villa,
452 5095 537 5158 unde
560 5094 660 5159 abbas
687 5094 934 5161 Sanctionem
959 5104 1052 5163 tenet
1078 5106 1231 5185 quartam
1260 5105 1388 5185 purtem
1412 5098 1561 5185 ejusdem
1588 5098 1613 5165 f.
1639 5097 1844 5183 ellingerus

337 5178 467 5263 Aubrey
482 5188 571 5243 tenet
587 5182 633 5246 di.
651 5189 756 5265 quart.
773 5184 919 5270 ejusdem
935 5185 958 5251 f.
976 5191 1009 5249 et
1025 5186 1072 5253 di.

380 5318 546 5384 Johsunes
572 5322 612 5385 de
634 5323 816 5407 Mortymsr
841 5333 935 5391 renel
961 5330 996 5392 in
1020 5330 1173 5397 Pnnsrorr
1200 5333 1351 5414 quartum
1374 5333 1503 5413 purtem
1528 5328 1551 5394 f.
1576 5350 1623 5395 m.
1650 5328 1692 5392 ds
1720 5331 1844 5395 comite

337 5406 524 5471 Lsnoaslrie
539 5410 626 5492 quod
638 5412 740 5475 Alioia
754 5414 795 5477 ds
812 5414 934 5502 Peyton
949 5417 1119 5501 quondum
1134 5419 1243 5481 tenuit
1257 5418 1292 5480 in
1309 5417 1424 5481 endem
1436 5416 1514 5479 villa
1528 5416 1569 5479 de
1583 5416 1695 5480 eodem
1710 5419 1843 5484 nomite.
