4092 6117
844 567 925 633 nn.
950 543 1176 636 raca-iace.
1698 572 1760 636 sor

303 853 479 918 Edwardus
508 860 571 922 etc.
605 861 653 936 (aa
681 859 801 937 abore).
846 859 1000 923 Volentas
1036 861 1158 924 dilecto
1195 867 1230 923 et
1265 859 1356 923 fideli
1394 863 1505 922 nostro
1542 857 1682 922 Robertc
1718 857 1759 921 de
1811 922 1814 928 ,

260 941 288 1002 Τ
310 990 572 1023 ......
595 947 652 1028 qui
676 946 843 1009 nobiscum
868 949 904 1010 in
926 947 1118 1031 obsequium
1143 955 1290 1011 nostrum
1317 967 1373 1030 per
1397 951 1586 1030 preceptum
1611 951 1759 1008 nostrum

261 1031 459 1112 proiecturus
482 1037 533 1095 est
557 1033 598 1095 ad
622 1039 729 1116 partes
754 1033 876 1112 Scocie,
890 1037 1032 1120 graciam
1055 1035 1158 1098 facere
1179 1034 1352 1118 specialem
1368 1035 1516 1098 dedimus
1531 1035 1562 1097 ei
1577 1038 1759 1116 respectum

259 1117 416 1202 usquead
431 1117 553 1181 festum
577 1169 967 1188 ........
989 1123 1032 1185 de
1046 1122 1168 1185 auxilio
1183 1123 1330 1206 predicto
1344 1127 1407 1186 etc.
1426 1126 1474 1200 (ov
1490 1122 1617 1204 before).
1662 1119 1758 1182 Teate

259 1224 310 1266 me
325 1206 396 1288 ipso
409 1206 496 1288 apud
510 1206 649 1270 Oroxton
664 1208 749 1293 xxxj.
767 1210 821 1272 die
835 1209 953 1272 Marcii
968 1229 1053 1272 anno
1068 1211 1162 1292 regni
1175 1211 1278 1272 nostri
1292 1210 1457 1273 tricesimo
1471 1210 1585 1290 primo.

307 1327 389 1403 (The
402 1329 549 1392 material
557 1332 704 1412 portione
719 1334 758 1414 of
766 1332 816 1395 the
830 1340 904 1395 nest
918 1332 991 1395 writ
1005 1353 1061 1395 cre
1076 1331 1234 1414 illepible).

303 1452 478 1517 Edwardus
493 1461 555 1520 etc.
574 1461 622 1534 (aa
637 1459 756 1536 aseae).
802 1457 954 1520 Volentes
977 1456 1096 1520 dilecto
1122 1462 1156 1519 et
1172 1455 1261 1518 fideli
1276 1462 1386 1518 nostro
1401 1455 1542 1518 Roberto
1558 1455 1598 1517 de
1613 1452 1757 1534 Glifford,

259 1541 315 1620 qni
330 1540 364 1602 in
380 1541 535 1625 obsequio
550 1549 661 1606 nostro
674 1565 732 1628 per
746 1550 937 1627 preceptum
952 1550 1100 1606 nostrum
1115 1545 1150 1605 in
1166 1542 1313 1625 partibus
1325 1542 1434 1606 Soocie
1446 1547 1603 1619 moratur,
1613 1543 1756 1626 graciam

258 1625 364 1690 facere
390 1631 565 1710 specialem
590 1631 739 1693 dedimus
763 1633 795 1694 ei
821 1636 1002 1716 respectum
1028 1651 1128 1712 usque
1154 1630 1194 1692 ad
1222 1630 1344 1693 festum
1375 1631 1583 1694 Pentecostes
1612 1631 1758 1711 proximo

259 1713 404 1778 futurum
432 1717 472 1779 de
497 1719 619 1780 auxilio
644 1719 790 1801 predicto
812 1719 891 1801 (etc.
907 1742 943 1783 oa
967 1721 1094 1802 before).
1139 1718 1236 1779 Teste
1253 1737 1306 1780 mc
1321 1718 1393 1801 ipso
1407 1718 1495 1801 apud
1513 1716 1756 1780 Woltumetove

118 1819 131 1847 r
260 1800 370 1886 xxviij.
385 1803 441 1866 die
456 1805 625 1869 Februarii
639 1826 725 1868 anno
739 1807 831 1890 regni
845 1807 948 1870 nostri
964 1807 1128 1868 tricesimo
1142 1806 1257 1887 primo.

302 1925 475 1989 Edwardus
490 1930 552 1990 etc.
571 1933 618 2006 (aa
633 1930 752 2006 abone).
801 1927 952 1992 Veientes
975 1929 1096 1990 dilecto
1117 1931 1151 1990 et
1175 1926 1263 1990 fideli
1289 1932 1398 1990 nostro
1425 1925 1565 1990 Radulfo
1581 1929 1620 1990 de
1643 1927 1757 1990 Monte

261 2011 424 2075 Hermerii
450 2016 564 2077 comiti
589 2015 793 2079 Gloucestrie
819 2021 855 2078 et
879 2015 1078 2092 Hertfordie,
1094 2017 1150 2096 qui
1176 2015 1344 2077 nobiscum
1368 2015 1403 2076 in
1429 2015 1581 2099 obsequio
1597 2017 1756 2078 nostruin

259 2100 404 2180 partibus
419 2099 530 2164 Scocie
545 2108 701 2180 moratur,
714 2104 856 2188 graciam
871 2103 974 2166 facere
988 2102 1173 2186 specialem,
1186 2100 1337 2165 dedimus
1353 2102 1385 2162 ei
1399 2110 1581 2184 respectum
1596 2122 1700 2186 nsque
1715 2103 1757 2166 ad

259 2186 377 2250 festum
402 2188 525 2252 Pasche
549 2193 695 2272 proximo
720 2190 868 2253 futurum
894 2190 935 2252 de
958 2189 1080 2252 anxilio
1103 2189 1246 2272 predicto
1272 2192 1336 2252 etc.
1355 2194 1402 2266 (aa
1418 2191 1545 2272 before).
1590 2190 1688 2252 Teste
1704 2211 1757 2252 me

258 2273 328 2355 ipso
343 2275 431 2358 apud
446 2274 573 2359 Kynlos
587 2299 638 2342 xx.
655 2279 710 2340 die
725 2277 930 2361 Septembris
943 2298 1030 2341 anno
1044 2277 1136 2362 regni
1151 2276 1253 2339 nostri
1268 2276 1433 2338 tricesimo
1447 2277 1560 2359 primo.

302 2396 476 2460 Edwardns
491 2401 554 2462 eto.
572 2402 619 2476 (oe
634 2400 753 2477 above).
801 2397 953 2460 Volentes
967 2398 1087 2460 dilecto
1110 2402 1145 2460 et
1168 2395 1257 2458 fideli
1280 2403 1389 2458 nostro
1411 2393 1571 2482 [Gnidoni
1586 2397 1628 2460 de
1643 2395 1750 2482 Bello]

259 2481 390 2566 Campo,
405 2485 520 2547 comiti
535 2484 694 2567 Warrvyk,
708 2486 815 2570 quiin
830 2487 985 2568 obsequio
1000 2491 1108 2547 nostro
1123 2504 1178 2568 per
1192 2488 1382 2566 perceptum
1396 2491 1543 2546 nostrum
1558 2486 1593 2547 in
1609 2485 1756 2566 partibus

257 2567 390 2717 lswm
405 2579 548 2635 moratur
562 2573 703 2656 graciam
718 2574 826 2636 facere
840 2569 1045 2658 specialem],
1056 2573 1205 2634 dedimus
1220 2571 1250 2632 ei
1265 2579 1447 2653 respectum
1463 2591 1564 2655 usque
1579 2573 1619 2634 ad
1635 2572 1755 2634 festum

284 2659 376 2720 asche
392 2659 545 2741 ‚proximo
572 2660 717 2721 futurum
743 2660 784 2724 de
806 2661 928 2723 auxilio
953 2661 1108 2744 predicto.
1154 2659 1249 2720 Teste
1269 2678 1322 2719 me
1337 2659 1406 2740 ipso
1422 2660 1507 2741 apud
1517 2657 1755 2742 ¹Dunfermelyn

257 2765 328 2808 xxv.
344 2746 398 2807 die
411 2744 434 2807 J
435 2749 559 2808 anuarii
573 2767 657 2809 anuo
671 2748 763 2830 regni
776 2748 879 2810 nostri
893 2748 1059 2812 tricesimo
1073 2748 1188 2830 primo.

301 2881 477 2945 Edwardus
490 2887 553 2946 etc.
572 2886 621 2962 (aa
636 2885 754 2963 aboee).
801 2885 951 2947 Volentes
974 2885 1094 2947 dilecto
1115 2890 1148 2947 et
1173 2884 1263 2948 fideli
1286 2889 1394 2946 nostro
1420 2883 1553 2967 Hugoni
1569 2883 1610 2946 de
1624 2883 1756 2946 Mortuo

258 2967 353 3046 Mari,
369 2970 427 3051 qui
442 2970 610 3033 nobiscum
625 2972 660 3033 in
674 2972 865 3054 obsequium
881 2978 1029 3034 nostrum
1044 2993 1100 3056 per
1113 2977 1301 3055 preceptum
1317 2977 1465 3034 nostrum
1491 2971 1692 3054 profecturus
1706 2977 1757 3035 est

256 3055 298 3117 ad
313 3062 422 3137 partes
438 3055 560 3133 scocie,
573 3059 716 3141 graciam
732 3059 836 3121 faeere
851 3059 1039 3142 specialem,
1054 3059 1202 3121 dedimus
1218 3061 1248 3120 ei
1265 3064 1446 3142 respectum
1462 3077 1564 3140 usqne
1579 3058 1621 3121 ad
1635 3059 1755 3121 festum

258 3140 370 3205 Sancti
384 3141 553 3207 Michaelis
575 3146 721 3227 proximo
743 3146 892 3208 futurum
906 3147 947 3208 de
962 3145 1085 3210 auxilio
1109 3145 1255 3229 predicto
1272 3152 1336 3209 etc.
1357 3151 1403 3224 (aa
1419 3147 1547 3228 before).
1590 3145 1686 3210 Teste
1701 3166 1755 3209 me

257 3228 328 3312 ipso
341 3231 428 3312 apud
443 3231 568 3294 Faxflet
583 3232 677 3317 xviij⁰
697 3233 751 3295 die
766 3233 887 3316 Aprilis
901 3254 987 3295 anno
1002 3234 1096 3316 regni
1110 3235 1212 3296 nostri
1227 3233 1391 3296 tricesimo
1405 3233 1520 3314 primo.

300 3367 475 3430 Eduardus
490 3375 552 3431 etc.
573 3375 619 3448 (aa
634 3371 753 3446 Move).
800 3370 953 3433 Volentes
979 3371 1099 3434 dilecto
1122 3372 1214 3434 nobis
1240 3369 1384 3432 Johanni
1409 3369 1449 3430 de
1476 3367 1614 3446 Samari,
1638 3372 1694 3452 qui
1719 3373 1752 3433 in

256 3455 446 3536 obsequium
471 3462 616 3518 nostrum
641 3478 698 3540 per
722 3464 911 3540 preceptum
938 3465 1085 3520 nostrum
1116 3459 1319 3540 prolecturus
1349 3464 1399 3519 est
1428 3458 1469 3517 ad
1499 3463 1606 3538 partes
1633 3456 1755 3532 Scaeis,

256 3544 395 3624 graciam
409 3542 513 3605 facere
529 3545 713 3627 specialem,
727 3544 875 3607 dedimus
889 3547 918 3607 ei
935 3551 1119 3628 respectum
1135 3565 1237 3628 nsque
1253 3544 1294 3606 ad
1310 3544 1426 3606 festum
1451 3543 1560 3604 Sancti
1584 3543 1756 3607 Michaelis

257 3630 401 3713 proximo
417 3629 563 3693 futurum
578 3631 619 3694 de
633 3632 754 3694 auxilio
769 3632 914 3715 predicto
930 3637 993 3697 etc.
1012 3637 1061 3709 (os
1076 3633 1202 3716 before).
1248 3631 1344 3693 Teste
1360 3650 1413 3693 me
1429 3631 1498 3713 ipso
1519 3630 1605 3712 apud
1629 3631 1755 3694 Faxflet

257 3716 350 3802 xviij⁰
371 3717 424 3779 die
439 3718 560 3800 Aprilis
574 3739 658 3780 anno
672 3720 766 3804 regni
779 3722 883 3782 nostri
898 3720 1062 3782 tricesimo
1076 3720 1189 3802 primo.

299 3854 475 3918 Edwardus
489 3859 550 3918 eto.
570 3860 617 3934 (es
632 3858 752 3934 eborae).
796 3856 950 3919 Volentes
964 3856 1083 3920 dilecto
1107 3860 1141 3919 et
1166 3855 1257 3918 fideli
1271 3861 1383 3916 nostro
1399 3851 1538 3916 Roberto
1552 3854 1592 3916 de
1609 3853 1753 3937 Clifford,

255 3943 313 4024 qni
328 3941 493 4004 nobiscum
509 3944 544 4004 in
559 3943 711 4026 obsequio
725 3949 836 4006 nostro
861 3965 917 4027 per
932 3949 1121 4027 preceptum
1136 3949 1283 4006 nostrum
1298 3944 1331 4004 in
1347 3941 1492 4024 partibus
1507 3939 1616 4005 Scocie
1631 3963 1755 4006 moram

255 4029 347 4108 facit,
362 4030 506 4113 graciam
532 4029 844 4111 iacere-specialem,
869 4031 1019 4094 dedimus
1043 4033 1073 4094 ei
1097 4037 1278 4114 respectum
1307 4029 1473 4112 usquead
1498 4026 1617 4091 festum
1642 4028 1755 4094 Sancti

256 4116 425 4182 Michaelis
439 4118 586 4198 proximo
600 4116 749 4180 futurum
763 4120 805 4181 de
820 4118 940 4181 auxilio
966 4119 1110 4203 predicto
1126 4125 1189 4181 etc.
1205 4117 1258 4200 (aa
1274 4119 1403 4198 before).
1448 4117 1546 4179 Teste
1562 4137 1613 4178 me
1628 4118 1698 4200 ipso
1713 4119 1754 4181 ad

254 4201 468 4287 Rolresburgh
485 4204 550 4289 xxj.
565 4204 618 4267 die
633 4205 714 4270 Maii
730 4225 814 4267 anno
828 4207 921 4290 regni
935 4207 1037 4269 nostri
1053 4207 1216 4269 tricesimo
1230 4207 1348 4287 prim0.

298 4341 473 4405 Edwardns
497 4347 559 4406 etc.
589 4347 637 4420 (aa
662 4341 784 4426 above).
828 4343 1024 4406 Mandamns
1054 4343 1144 4406 vobis
1173 4341 1259 4425 quod
1288 4339 1486 4402 demandam
1515 4359 1612 4422 quam
1642 4340 1754 4405 facitis

254 4430 375 4494 dilecto
390 4434 425 4491 et
440 4429 530 4492 fideli
545 4435 654 4492 nostro
671 4429 809 4492 Roberto
823 4431 864 4492 de
879 4429 1013 4493 Glitiord
1029 4429 1069 4495 de
1083 4430 1203 4492 auxilio
1219 4429 1363 4510 predicto
1379 4427 1508 4509 ponatis
1523 4428 1557 4489 in
1571 4433 1752 4510 respectum

254 4517 355 4580 donec
369 4516 457 4578 alind
473 4516 552 4579 inde
568 4516 656 4578 vobis
671 4517 932 4580 mandaverimus
946 4524 1009 4580 etc.
1031 4523 1078 4595 (ce
1093 4519 1219 4598 before).
1264 4515 1359 4576 Teste
1375 4513 1426 4576 W.
1442 4514 1482 4576 de
1497 4513 1646 4577 Carleton
1667 4517 1753 4598 apud

254 4603 434 4667 Eboracum
450 4624 479 4667 x.
494 4604 548 4666 die
574 4603 721 4666 Octobris
743 4624 827 4666 anno
850 4605 942 4689 regni
966 4605 1071 4667 nostri
1093 4604 1190 4688 xxxij.
1208 4623 1263 4685 per
1288 4598 1540 4677 thesaurarium,
1554 4603 1631 4685 qnia
1645 4601 1753 4666 dictus

254 4691 415 4754 Robertns
440 4711 496 4772 per
524 4697 711 4772 preceptum
739 4693 826 4775 regis
855 4693 1059 4773 profecturus
1087 4696 1139 4753 est
1166 4690 1207 4752 ad
1235 4695 1343 4772 partes
1374 4687 1508 4750 Francis
1538 4690 1572 4750 in
1598 4690 1753 4754 comitiva

255 4778 405 4842 Edwardi
418 4778 573 4860 principis
587 4777 704 4840 Wallie
719 4778 778 4840 filii
794 4780 879 4862 regis
893 4779 1022 4864 Anglie.

196 4909 203 4920 ’
297 4917 475 4980 Edwardus
489 4925 550 4980 etc.
569 4920 617 4993 (aa
632 4917 752 4990 abore).
797 4916 949 4979 Volentes
974 4916 1096 4980 dilecto
1121 4924 1155 4978 et
1180 4914 1267 4977 fideli
1292 4918 1402 4976 nostro
1427 4911 1573 4974 Guidoni
1598 4912 1637 4974 de
1661 4913 1753 4980 Bello

254 5004 385 5088 Campe,
411 5005 525 5067 comiti
552 5004 743 5082 Warrewici‚
767 5006 822 5088 qui
848 5005 1016 5067 uobiscum
1042 5006 1076 5066 in
1101 5003 1291 5085 obsequium
1317 5005 1465 5062 nostrum
1489 5019 1545 5080 per
1559 5009 1752 5084 preceptum

254 5097 399 5156 nostrum
436 5092 471 5152 in
508 5091 654 5173 partibus
690 5090 800 5154 Scocie
837 5105 991 5169 moratur,
1020 5092 1163 5174 graciam
1201 5088 1304 5150 facere
1333 5085 1517 5169 specialem,
1545 5085 1692 5150 dedimus
1721 5089 1752 5152 ei

253 5184 431 5261 respectum
448 5198 550 5260 usque
564 5178 604 5239 ad
619 5177 738 5240 festum
755 5177 864 5241 Sancti
882 5179 1051 5241 Michaelis
1075 5178 1221 5261 proximo
1246 5176 1391 5237 futurum
1406 5173 1447 5236 de
1462 5173 1581 5235 auxilio
1607 5175 1754 5256 predicto

253 5278 314 5328 etc.
334 5268 382 5344 (aa
397 5266 524 5348 before).
568 5264 663 5327 Teste
687 5284 739 5327 me
763 5267 834 5348 ipso
858 5267 945 5350 apud
959 5265 1071 5328 villam
1099 5263 1210 5328 Sancti
1236 5260 1396 5326 Johannis
1421 5260 1462 5323 de
1488 5257 1588 5323 Perth
1604 5271 1678 5326 xxx⁰
1698 5263 1752 5326 die

253 5352 274 5416 J
276 5351 345 5415 unii
359 5371 445 5415 anno
460 5352 553 5436 regni
567 5352 670 5415 nostri
683 5353 849 5418 tricesimo
863 5355 978 5442 primo.
