4092 6117
354 595 395 657 54
1000 595 1216 665 SUFFOLK.

398 876 446 939 De
465 880 534 956 (sie)
553 878 721 962 episeopus
737 880 876 945 Elieneis
891 885 984 947 tenet
998 882 1180 945 manerium
1195 900 1291 943 suum
1306 880 1545 953 defleremee
1559 878 1600 943 de
1623 878 1756 943 domino
1777 899 1857 964 rege

355 964 523 1046 pertinens
537 964 579 1029 ad
594 965 761 1030 baroniam
777 987 880 1046 suam,
894 987 958 1053 quo
974 968 1113 1033 servicio
1127 969 1281 1053 ignorent
1293 968 1463 1054 juratores.

398 1124 446 1189 De
469 1126 576 1209 priore
597 1127 637 1191 de
664 1125 807 1213 Kerseye
832 1133 966 1194 tenente
987 1130 1023 1194 in
1038 1130 1223 1196 Bessmee
1238 1129 1282 1213 vj.
1298 1134 1425 1212 partem
1440 1129 1464 1195 s.
1481 1151 1526 1196 m.
1544 1130 1583 1193 de
1597 1129 1729 1193 domina
1745 1129 1855 1207 Ferre,

353 1212 439 1294 quod
455 1214 542 1296 prior
556 1213 596 1277 de
611 1214 752 1299 Kereeye
767 1217 932 1301 quondam
947 1218 1057 1281 tenuit
1071 1218 1105 1281 in
1119 1217 1231 1281 eadem
1247 1216 1325 1280 villa
1384 1257 1395 1270 -
1485 1257 1496 1269 -
1586 1258 1597 1269 -
1650 1217 1727 1303 vj.e.
1745 1217 1853 1303 viij.‹1.

396 1375 446 1440 De
473 1377 615 1441 Henrico
642 1377 788 1443 Purehaz
814 1386 949 1445 tenente
973 1382 1008 1444 in
1031 1381 1217 1448 Benmee
1231 1380 1275 1468 vj.
1291 1386 1418 1466 partem
1441 1380 1465 1446 f.
1481 1402 1526 1447 m.
1542 1381 1583 1445 de
1597 1381 1729 1445 domina
1744 1380 1855 1459 Ferre,

352 1464 438 1547 quod
454 1464 573 1529 Petrus
589 1466 630 1530 de
646 1466 806 1553 Redyngg
820 1468 984 1551 quondam
999 1470 1109 1532 tenuit
1123 1471 1160 1533 in
1176 1469 1290 1533 eadem
1306 1468 1384 1532 ville
1483 1509 1494 1521 -
1583 1468 1723 1554 -vja,
1739 1465 1852 1553 viij.d.

395 1626 443 1692 De
456 1626 604 1693 Johanne
618 1630 658 1693 de
675 1629 809 1694 Preston
826 1636 962 1697 tenente
978 1633 1013 1695 in
1030 1632 1215 1699 Bennnee
1231 1631 1275 1717 vj.
1292 1637 1419 1716 partem
1435 1633 1457 1697 f.
1473 1654 1519 1697 m.
1534 1633 1574 1696 de
1600 1632 1733 1697 domina
1755 1632 1852 1696 Ferre

350 1714 436 1799 quod
451 1715 611 1781 Robertus
625 1717 665 1781 de
682 1716 832 1783 Belstede
848 1725 882 1783 et
898 1719 1045 1803 Rogems
1060 1720 1101 1783 de
1117 1720 1268 1785 Belstede
1283 1721 1446 1803 quondam
1472 1725 1650 1785 tenuerunt
1676 1720 1710 1783 in
1736 1720 1852 1785 eadem

350 1801 428 1865 villa
443 1802 482 1866 de
498 1803 656 1889 Guydone
672 1803 771 1869 Ferre
871 1846 881 1857 -
972 1848 983 1859 -
1076 1847 1087 1859 -
1176 1848 1188 1859 -
1278 1847 1289 1859 -
1380 1847 1391 1859 ·
1581 1848 1592 1859 -
1641 1807 1719 1894 vja.
1736 1805 1849 1893 viije.

363 2012 366 2019 .
392 1964 441 2029 De
465 1965 589 2029 Thomu
612 1966 653 2030 de
678 1965 846 2053 Cretyngg
869 1971 1003 2031 tenente
1019 1969 1053 2030 in
1070 1969 1249 2035 Cumae
1264 1968 1405 2035 Onnum
1423 1956 1621 2036 Senceolw'u
1637 1966 1849 2057 viij..parten3

348 2052 372 2114 s.
388 2073 433 2117 m.
450 2054 490 2117 de
506 2053 646 2139 Georgio
660 2053 702 2117 de
718 2054 828 2132 Helle,
842 2058 876 2119 et
898 2053 953 2117 ille
978 2054 1019 2118 de
1042 2076 1128 2141 rege,
1151 2055 1238 2139 quod
1261 2055 1403 2119 Thomas
1425 2056 1467 2119 de
1493 2056 1661 2140 Gtetyngg
1686 2055 1848 2139 quondam

348 2140 457 2203 tenuit
471 2139 506 2202 in
521 2140 632 2205 eedem
648 2141 726 2205 villa
740 2141 780 2206 de
796 2142 927 2206 Simone
942 2140 1159 2207 Rettiliedene
1175 2178 1694 2194 ······
1786 2165 1850 2208 m.

392 2304 440 2367 De
455 2301 603 2367 Johanne
617 2302 747 2390 Jermye
760 2308 894 2370 tenente
908 2307 944 2369 in
960 2306 1073 2372 Eseou
1083 2306 1240 2373 Gosnnex
1254 2306 1278 2391 j.
1291 2306 1313 2370 f.
1327 2326 1371 2371 m.
1384 2307 1469 2391 quod
1482 2305 1639 2369 Ricardus
1648 2306 1687 2369 de
1696 2305 1847 2369 Goeebek

348 2395 382 2453 et
397 2394 545 2455 tenentes
561 2392 612 2455 sui
627 2393 790 2475 quondam
805 2398 981 2467 tenuerunt
996 2394 1036 2457 de
1050 2394 1171 2457 comite
1186 2392 1374 2457 Mereeeallo
1482 2432 1493 2443 ·
1582 2428 1596 2439 -
1684 2432 1710 2477 ·.
1768 2394 1810 2455 xl.
1821 2418 1847 2458 ε.

390 2553 437 2617 De
463 2553 611 2619 Johenne
637 2554 769 2641 Jermye
794 2561 929 2621 tenente
955 2558 990 2619 in
1017 2558 1204 2625 Gonnum
1228 2557 1273 2622 di.
1288 2555 1312 2621 f.
1329 2578 1375 2622 m.
1402 2554 1443 2619 de
1470 2554 1666 2641 Margareta,
1680 2556 1848 2620 eomitissa

345 2640 646 2795 ffiiagegffliquod
667 2641 825 2783 ‘Rieuelus
848 2644 889 2782 de
917 2644 1050 2709 Goebek
1074 2646 1237 2783 eumd-am
1260 2643 1426 2783 t?nmt.in
1443 2642 1559 2781 eedem
1575 2643 1654 2781 eilla
1668 2644 1707 2782 de
1722 2643 1847 2797 Βεέςχεὶο

386 2890 434 2955 De
459 2891 584 2955 Thoma
610 2892 770 2977 Harum,
797 2892 967 2976 Radulpho
994 2893 1034 2957 de
1061 2892 1251 2978 Boekyngg‚
1274 2890 1422 2956 Johanne
1451 2892 1492 2956 de
1522 2890 1676 2977 Oleydon,
1705 2898 1738 2957 et
1768 2893 1844 2956 aliis

344 2980 538 3062 paroenariis
552 2980 740 3043 tenentibus
755 2982 789 3043 in
806 2980 1037 3047 Hemeseou
1052 2988 1084 3045 et
1100 2982 1191 3045 Asca
1206 2980 1251 3045 di.
1268 2981 1292 3046 f.
1310 3001 1356 3046 m.
1371 2980 1457 3063 quod
1474 2980 1635 3045 Walterue
1658 2981 1687 3043 le
1709 2979 1845 3044 Botiller

342 3065 506 3149 quondam
522 3068 630 3131 tenuit
645 3068 679 3130 in
694 3068 806 3131 eadem
823 3068 898 3131 ville
913 3068 955 3131 de
970 3065 1144 3131 heredibus
1159 3067 1300 3131 Gilberti
1315 3065 1422 3131 Peche
1475 3107 1485 3118 -
1577 3108 1588 3117 -
1677 3108 1688 3119 -
1757 3090 1842 3133 xm.

386 3228 434 3291 De
448 3226 597 3293 Johanne
612 3229 653 3293 de
669 3228 785 3313 Aspale
799 3233 933 3293 tenente
948 3230 982 3292 in
1001 3230 1159 3297 Sromm
1175 3233 1334 3296 Auream
1349 3229 1395 3294 di.
1411 3226 1436 3294 f.
1452 3249 1497 3294 m.
1513 3227 1555 3291 de
1565 3227 1592 3312 j.
1608 3229 1631 3293 f.
1647 3235 1681 3293 et
1696 3230 1743 3295 di.
1755 3234 1842 3315 quod

341 3316 486 3401 Rogerus
501 3315 540 3379 de
555 3316 672 3400 Aspele
688 3316 853 3402 quondam
866 3318 979 3382 tenuit
991 3318 1027 3379 in
1045 3316 1203 3384 seeum
1218 3314 1378 3382 Amnem
1393 3316 1434 3380 de
1448 3317 1567 3380 eomite
1582 3315 1783 3382 Mareeeello.

1757 3427 1843 3473 xxa.

384 3565 432 3632 De
447 3567 622 3631 Edmundo
637 3568 676 3630 de
691 3565 850 3630 Stonham
866 3571 999 3631 tenente
1014 3568 1049 3630 in
1066 3567 1225 3635 Sronneu
1241 3567 1401 3631 Amnem
1424 3565 1468 3629 di.
1484 3566 1506 3628 s.
1522 3588 1568 3631 m.
1584 3566 1625 3629 de
1639 3565 1753 3630 eodem
1768 3568 1791 3633 f.
1808 3574 1844 3633 et

339 3655 385 3719 di.
400 3656 441 3719 de
456 3654 606 3719 Johanne
621 3654 662 3718 de
677 3654 795 3739 Aepulo
809 3655 895 3739 quod
912 3654 1072 3719 Robertus
1098 3653 1137 3719 de
1161 3652 1319 3719 Stonham
1343 3653 1506 3736 quondam
1531 3653 1641 3718 tenuit
1666 3655 1701 3717 in
1728 3656 1840 3720 eedem

339 3742 417 3806 villa
432 3743 471 3807 de
487 3742 613 3827 Rogero
628 3741 669 3806 de
686 3741 802 3825 Aspele
866 3776 1688 3795 ·········
1757 3764 1841 3809 xxa.

382 3905 429 3969 De
455 3904 682 3968 Bartholomeo
707 3902 748 3966 de
774 3902 916 3981 Nanton,
945 3903 1099 3981 ohivaler,
1125 3906 1262 3965 tenente
1290 3902 1325 3963 in
1355 3900 1467 3964 eadem
1497 3900 1576 3964 ville
1606 3902 1648 3965 de
1680 3901 1840 3969 Senum

338 3994 496 4059 Amnem
511 3992 556 4057 di.
573 3991 595 4056 f.
612 4011 658 4056 m.
672 3990 820 4076 ejusdem
834 3990 859 4053 f.
875 3996 911 4055 et
924 3990 970 4055 di.
986 3989 1028 4054 de
1055 3988 1230 4053 Edmundo
1255 3990 1296 4051 de
1320 3986 1480 4053 stenhem
1504 3987 1592 4073 quod
1615 3987 1776 4053 Robertus
1799 3990 1841 4054 de

339 4080 465 4144 Ubston
481 4080 644 4164 quondam
660 4078 770 4142 tenuit
784 4080 819 4142 in
835 4078 952 4142 eedem
968 4077 1047 4141 ville
1061 4076 1102 4140 de
1118 4075 1259 4139 Roberw
1273 4075 1314 4139 de
1329 4073 1487 4140 Swnhem
1569 4111 1583 4124 -
1670 4111 1685 4124 ·
1753 4097 1804 4142 xx.
1812 4102 1839 4143 e.

855 4235 1318 4393 summa{3{;1{·‚⁰fi?s.‘¹²¹²“

744 4715 982 4806 [fluxumve
1005 4711 1065 4801 nn]
1093 4710 1439 4801 LODINGL[AND.]

381 4880 426 4943 De
453 4880 559 4963 priore
585 4880 625 4944 de
651 4882 777 4966 Leghee
802 4884 936 4944 tenente
963 4878 1145 4941 manerium
1168 4897 1264 4941 suum
1287 4876 1326 4939 de
1353 4876 1486 4943 Gmou
1501 4876 1536 4937 in
1551 4875 1762 4941 anewm
1777 4895 1836 4958 pro

333 4974 449 5053 quarta
464 4972 555 5051 parte
569 4967 593 5032 f.
609 4990 655 5035 m.
671 4968 759 5055 quod
774 4968 861 5052 prior
876 4966 916 5031 de
933 4964 1062 5048 Legbee
1077 4964 1242 5051 quondam
1258 4964 1367 5028 tenuit
1382 4964 1417 5026 in
1432 4962 1546 5027 eedem
1562 4961 1641 5025 ville
1670 5000 1682 5013 -
1771 4983 1836 5027 xa,
