4092 6117
328 594 393 661 180
992 592 1175 664 SUSSEX.

371 886 532 954 Pnurrrou
547 891 580 951 et
595 885 1032 957 Romnum-willelmus
1049 885 1182 951 Bardslr'
1197 886 1265 966 (sic)
1284 889 1375 951 tenet
1398 884 1558 952 hunnos
1581 888 1615 949 et
1636 884 1829 954 Hoorrnrrorr

327 975 370 1040 de
385 976 515 1053 comite,
529 981 563 1039 et
579 993 688 1039 comes
703 975 743 1038 de
758 992 846 1059 rege,
863 973 917 1036 sed
933 979 997 1038 etc.

372 1109 720 1177 essersene-Item
744 1109 951 1176 Censuimus
978 1116 1027 1173 est
1054 1111 1087 1172 in
1112 1129 1214 1174 manu
1237 1110 1324 1193 regis
1349 1108 1478 1172 racione
1499 1108 1646 1172 custodie
1662 1107 1774 1193 Egidii
1788 1107 1828 1170 de

327 1198 439 1281 Pleyz,
453 1200 511 1285 qui
526 1206 575 1262 est
590 1200 624 1260 in
640 1197 789 1260 custodis
805 1199 901 1281 regis,
916 1203 1014 1261 etesi
1029 1198 1070 1262 de
1085 1198 1178 1261 feodo
1193 1196 1276 1261 dicti
1291 1197 1433 1259 comitis.

375 1332 761 1401 somnne-Willelmus
775 1334 816 1396 de
832 1332 896 1417 Sey
911 1340 1004 1398 tenet
1021 1334 1167 1401 Sinnius
1183 1334 1222 1398 de
1239 1332 1352 1398 eodem
1368 1334 1503 1410 comite,
1530 1337 1563 1397 et
1579 1353 1687 1397 comes
1702 1332 1743 1395 de
1758 1352 1829 1417 rege

328 1425 381 1487 i.c.
398 1421 455 1483 sed
470 1440 535 1482 non
549 1420 589 1481 fit
602 1427 663 1484 ecc.
680 1442 736 1505 per
751 1420 837 1504 quod
853 1422 1040 1487 servicium.

373 1559 814 1625 wermonon-Mardos
844 1559 885 1622 de
915 1558 1075 1644 Perpuni,
1103 1579 1166 1644 que
1196 1559 1261 1622 fuit
1291 1578 1370 1621 uxor
1401 1557 1439 1622 R.
1474 1558 1514 1621 de
1543 1557 1701 1640 Perpunt,
1741 1559 1829 1618 tenet

329 1647 563 1713 Wesrrrrrsnou
587 1646 628 1710 de
652 1646 825 1710 heredibus
850 1645 993 1710 Simonis
1019 1646 1080 1710 filii
1108 1648 1169 1726 sui,
1184 1651 1218 1709 ei
1232 1651 1283 1709 esi
1297 1645 1337 1708 de
1352 1645 1446 1708 feodo
1462 1644 1604 1728 predicti
1618 1644 1759 1720 comitis,-
1776 1642 1827 1704 sed

329 1754 394 1797 nou
410 1733 449 1797 fit
464 1738 527 1799 etc.
543 1754 599 1817 per
612 1734 700 1816 quod
715 1734 900 1799 servicium.

375 1868 763 1936 Heinsius-willelmus
778 1869 818 1934 de
834 1868 898 1955 Sey
914 1876 1005 1934 tenet
1019 1870 1167 1937 Hrrrsrus
1182 1869 1325 1934 dedicio
1340 1868 1472 1945 comite,
1486 1871 1522 1932 el
1544 1887 1651 1931 comes
1676 1866 1716 1929 de
1741 1884 1829 1951 rege,

331 1957 390 2021 sed
404 1977 470 2020 non
484 1956 523 2021 fit
540 1957 667 2022 mencio
681 1962 746 2023 etc.
763 1978 821 2041 per
836 1957 922 2042 qnod
938 1959 1121 2025 servicium.

864 2478 973 2556 [A.D.
1017 2478 1305 2556 laos-laoai

841 2671 967 2759 [Risus
990 2694 1034 2739 on
1058 2670 1333 2758 PEVENESE}

375 2808 553 2893 Inquisicio
568 2810 609 2873 de
623 2809 725 2873 feodis
739 2811 888 2875 militum
903 2812 938 2874 in
954 2833 1033 2895 repo
1048 2812 1089 2875 de
1104 2812 1264 2876 Perenese
1279 2812 1365 2875 fecte
1388 2830 1444 2893 per
1473 2808 1668 2892 subscriptos
1683 2809 1833 2873 videlicet

332 2916 389 2979 per
417 2895 597 2959 Johcnnem
629 2897 670 2959 de
700 2897 875 2977 Bakhum,
908 2899 1087 2963 Robertum
1116 2899 1146 2962 le
1177 2900 1304 2976 Homer,
1333 2896 1517 2961 Johcnnem
1547 2895 1588 2959 de
1624 2896 1831 2980 Holyndales,

333 2982 535 3047 Willelmum
550 2988 621 3047 site
637 2983 742 3063 Helle,
761 2986 936 3070 Hugonem
952 2987 993 3049 de
1006 2987 1038 3050 le
1054 2984 1245 3065 Chsumbre,
1263 2984 1442 3049 Robertum
1457 2983 1488 3046 le
1505 2981 1619 3059 Coker,
1643 2982 1831 3067 Philippum

331 3069 373 3133 de
388 3067 648 3154 Cessingeheme,
663 3071 850 3137 Gslfridum
866 3074 905 3136 de
920 3072 1143 3160 B[eg]ehsm,
1159 3071 1343 3137 Johsnnem
1358 3073 1399 3135 de
1415 3068 1639 3147 (luklresiolrk,
1655 3070 1831 3141 Henricum

332 3156 498 3237 Gileberd‚
514 3157 688 3223 Osbertum
704 3159 849 3242 Gyfferd,
864 3161 1045 3224 Weltemm
1072 3160 1215 3238 Burdon,
1230 3158 1388 3224 Thomam
1414 3159 1454 3222 de
1479 3156 1831 3235 Lullehum,Thome1n

333 3243 489 3324 Grisilon,
506 3244 683 3308 Robertum
701 3246 804 3330 Devy,
819 3247 999 3311 Walterum
1023 3250 1063 3311 de
1090 3248 1173 3331 Rye,
1198 3247 1373 3311 Roberlnm
1389 3246 1429 3309 de
1446 3245 1632 3329 Yrreregge,
1650 3245 1831 3309 Galiridum

331 3337 403 3395 otte
418 3330 529 3410 Wrolr,
545 3332 737 3416 Philippum
764 3334 805 3397 de
830 3334 941 3414 Herst‚
957 3335 1124 3399 Simonem
1147 3335 1188 3398 de
1211 3333 1400 3411 Wodehem‚
1417 3332 1595 3395 Robertum
1618 3333 1658 3395 de
1679 3330 1831 3416 Byreche‚

332 3418 508 3482 Ricardum
531 3419 571 3482 de
594 3419 747 3497 Hammo,
772 3420 951 3484 Ricardum
976 3423 1016 3486 de
1042 3422 1195 3499 Rsccom,
1219 3422 1375 3505 Sayernm
1399 3420 1440 3484 de
1467 3420 1584 3501 Resey,
1612 3418 1780 3484 Simonem
1794 3420 1833 3483 de

331 3504 522 3592 Shirynton,
534 3505 674 3590 juratos,
687 3509 745 3592 qui
759 3508 876 3572 dicuni
890 3528 987 3592 super
1000 3516 1240 3573 sacramentum
1255 3528 1352 3573 suurn
1367 3507 1453 3593 quod
1464 3531 1518 3571 :-

375 3681 526 3760 Domine,
541 3683 652 3765 regine
667 3682 795 3766 Anglie,
810 3688 904 3746 tenet
919 3684 1085 3747 baroniam
1101 3684 1141 3746 de
1157 3685 1286 3757 Anulus
1302 3684 1342 3746 de
1358 3681 1490 3745 domino
1506 3701 1582 3765 rege
1608 3681 1643 3743 in
1670 3681 1786 3764 capite,
1801 3686 1833 3743 ei

330 3768 429 3832 debet
443 3767 618 3831 defendere
633 3771 744 3831 omnic
758 3768 856 3832 feodo
871 3770 1057 3853 subscripta
1071 3773 1105 3833 in
1123 3769 1258 3835 beronis
1275 3770 1423 3853 predicte
1437 3768 1588 3832 videlicet
1600 3793 1654 3834 :—

374 3903 543 3984 Nicholue
566 3926 629 3990 que
653 3907 719 3968 fuit
743 3927 821 3969 uxor
848 3906 1034 3990 Baldewyni
1057 3907 1098 3970 de
1126 3906 1298 3985 Addebam,
1323 3910 1416 3969 tenet
1440 3925 1490 3968 xv.
1508 3904 1531 3969 f.
1559 3905 1594 3967 in
1620 3906 1765 3968 manerio
1794 3904 1830 3967 de

331 3994 566 4071 Gevsrrcnsou,
582 3992 668 4055 unde
692 3992 843 4057 dominus
869 4015 924 4057 rex
950 4000 1042 4057 tenet
1067 3996 1101 4056 in
1128 3997 1290 4057 comitatu
1318 3991 1553 4057 Norhemtonie
1576 3995 1610 4055 ln
1637 3993 1781 4055 manerio
1796 3991 1832 4053 de

332 4082 485 4146 Pession
500 4080 522 4160 j.
539 4078 561 4142 f.
577 4080 708 4142 nomine
724 4080 828 4143 werde
844 4080 906 4143 filii
922 4088 957 4143 et
972 4080 1100 4145 heredis
1115 4082 1197 4144 dicii
1214 4080 1413 4163 Baldewyui.

376 4216 538 4285 Walterus
562 4214 667 4279 Forho
690 4222 779 4281 tenet
807 4217 847 4281 de
872 4217 961 4283 dicto
989 4220 1132 4282 manerio
1154 4218 1194 4281 de
1222 4218 1438 4303 Gevyngeton
1455 4218 1490 4280 in
1506 4217 1666 4280 comitatu
1691 4216 1833 4299 predicto

331 4304 363 4367 N
365 4302 567 4367 orhsmtonie
582 4303 647 4367 duo
662 4303 685 4367 f.

374 4440 540 4505 Johanncs
564 4441 605 4504 de
633 4440 720 4526 Lecy
746 4445 840 4506 tenet
868 4441 1024 4505 dedicio
1048 4442 1194 4506 manerio
1221 4442 1260 4505 de
1284 4442 1497 4527 Gevyngeiou
1522 4440 1556 4504 in
1573 4440 1785 4509 Wsnnrnoors
1800 4442 1831 4503 in

332 4531 491 4593 comitutu
509 4528 660 4592 Sussexie
672 4528 698 4612 j.
713 4529 738 4595 f.

376 4666 540 4735 Tenentes
565 4669 749 4730 tenementi
779 4668 866 4750 quod
891 4674 1025 4731 vocetur
1055 4668 1261 4733 Honsrrnnns
1291 4673 1407 4731 tenent
1436 4666 1476 4731 de
1506 4668 1594 4731 dicio
1624 4672 1770 4734 manerio
1796 4669 1833 4732 de

334 4753 549 4836 Gevyng‘eton
566 4753 599 4814 in
616 4755 829 4820 Wsnnunoorr
846 4757 881 4817 iu
897 4756 1058 4818 comitatu
1075 4755 1222 4838 predicto
1237 4756 1262 4841 j.
1279 4754 1301 4819 f.
1318 4755 1472 4818 videlicet
1487 4756 1650 4819 Auiredus
1673 4758 1832 4833 coleman,

332 4840 493 4903 Robertus
508 4839 584 4923 Jop,
601 4841 774 4919 Henricus‚
800 4849 908 4904 rector
933 4843 1070 4906 ecclesie
1095 4843 1135 4905 de
1162 4842 1391 4927 Gevyngeton,
1415 4842 1564 4906 Johenna
1589 4843 1628 4906 de
1656 4843 1833 4929 Filchinge,

333 4928 431 5012 Hugo
445 4928 485 4990 de
501 4926 598 5005 Okle,
611 4927 769 4991 Ricardus
785 4928 826 4991 de
842 4930 995 5009 Hamme,
1012 4932 1069 5013 qui
1086 4934 1198 4993 tenent
1215 4930 1256 4993 de
1272 4931 1362 4993 dicto
1378 4930 1532 4994 manerio.

374 5065 529 5129 Richerus
542 5066 584 5128 dc
599 5066 740 5129 Refhnm
756 5071 850 5131 tenet
863 5067 906 5129 de
923 5067 1013 5131 dicto
1038 5069 1184 5131 manerio
1208 5068 1247 5132 de
1274 5067 1491 5151 Gevyngeton
1516 5068 1550 5131 in
1578 5068 1780 5137 Ceraunios
1800 5070 1832 5133 iu

329 5154 492 5217 comitatu
508 5151 656 5219 Sussexie
666 5152 695 5237 j.
709 5153 734 5220 f.

371 5290 517 5353 Andreas
539 5291 581 5355 dc
605 5290 771 5355 Seukevill
796 5294 890 5354 tenet
912 5291 947 5353 in
968 5292 1188 5371 Anususnno,
1201 5290 1430 5371 Pinnensem,
1444 5292 1616 5372 Orsum,
1629 5296 1664 5358 ei
1690 5293 1830 5361 Tremor

330 5377 365 5439 in
379 5377 540 5441 comitatu
553 5376 704 5442 Sussexie
718 5378 758 5442 de
773 5377 923 5461 predicto
941 5380 1087 5442 manerio
1102 5379 1143 5443 de
1159 5379 1376 5464 Gevyngeton
1393 5378 1428 5465 ij.
1445 5378 1468 5443 f.
