4092 6117
315 549 379 613 ³04
922 552 1209 621 WOBOES'PER.

354 846 400 910 Et
415 848 454 911 de
468 871 518 935 ιι]
528 872 554 914 r.
571 850 639 935 id.
665 853 707 952 de
720 851 891 932 Johanne,
919 855 1022 938 priore
1049 856 1235 942 Wygornie,
1263 861 1298 921 et
1322 859 1450 942 Rogero
1474 858 1515 922 de
1540 857 1730 944 Butterleye
1755 881 1813 943 pro

310 937 698 1092 pppppucppppprerplppptpj.
713 938 738 1004 f.
756 961 800 1005 m.
816 942 849 1003 in
869 940 1014 1021 Euentu,
1029 944 1114 1027 quod
1130 943 1287 1008 Ricardus
1302 945 1478 1009 Herthram
1503 947 1668 1029 quondam
1694 949 1813 1028 tenuit,

351 1160 397 1261 iit
411 1162 453 1225 de
469 1184 534 1228 nr.
551 1163 593 1226 de
608 1165 719 1227 Aricia
743 1165 930 1230 Dounclent
955 1187 1012 1250 pro
1034 1173 1152 1250 quarte
1177 1174 1270 1252 perte
1291 1169 1318 1252 j.
1334 1171 1358 1236 f.
1375 1191 1420 1234 m.
1437 1171 1471 1233 in
1494 1171 1708 1249 Douuounur,
1725 1173 1811 1256 quod

311 1247 377 1310 furt
393 1247 553 1333 Stephani
568 1252 608 1314 de
624 1251 734 1330 Bosco,
750 1252 835 1316 sicut
849 1254 1038 1318 continetur
1052 1261 1113 1319 etc.

414 1431 460 1496 Su
494 1452 549 1493 ma
573 1389 704 1472 argenti
714 1387 853 1453 2—x1ir.
864 1391 898 1452 li.
914 1388 991 1474 xvij.
1002 1413 1029 1454 r.

780 1789 1001 1854 Huunnnnuu
1024 1811 1068 1854 nn
1091 1792 1346 1858 DODYNTRE.

353 1929 402 1990 De
425 1927 574 1989 Johanne
597 1926 733 1989 Telebot
760 1949 848 1990 xxc.
865 1947 922 2010 pro
937 1929 982 1991 di.
997 1927 1021 1992 f.
1041 1951 1085 1992 m.
1110 1931 1143 1992 in
1171 1931 1366 2010 Coeranon,
1390 1931 1476 2015 quod
1504 1933 1568 1996 fuit
1594 1933 1746 2016 Hugonis
1769 1933 1809 1995 de

309 2017 440 2079 Mortuo
455 2014 552 2092 Meri,
568 2015 651 2076 sicut
665 2015 852 2077 continetur
867 2019 931 2078 etc.
982 2087 987 2098 Ι
1004 2025 1008 2032 ’

348 2156 392 2230 Et
408 2155 448 2218 de
464 2175 494 2218 x.
504 2176 530 2218 s.
546 2152 587 2214 dc
614 2151 754 2235 Hugone
779 2150 811 2214 le
837 2150 1022 2233 Despencer
1047 2174 1104 2236 pro
1129 2161 1247 2236 quarte
1272 2161 1365 2238 parte
1375 2155 1403 2239 j.
1421 2156 1443 2222 f.
1459 2156 1494 2219 in
1510 2157 1730 2235 Mrnrcnncu,
1745 2175 1808 2240 que

308 2243 373 2306 suit
387 2242 537 2328 Hugonis
552 2241 583 2302 le
600 2239 794 2322 Despencer,
808 2240 971 2322 quondam
988 2241 1117 2303 comitis
1132 2240 1345 2320 Gloucestrie‚
1362 2245 1447 2306 sicut
1462 2246 1647 2307 continetur
1661 2249 1724 2308 etc.

351 2379 396 2442 Et
410 2380 452 2443 de
467 2381 546 2444 xl.r.
563 2379 602 2442 de
618 2377 781 2460 Athelync
796 2377 825 2440 le
841 2377 963 2440 Burnel
978 2398 1036 2461 pro
1046 2377 1073 2461 j.
1091 2377 1113 2441 f.
1129 2380 1165 2440 in
1184 2379 1377 2458 Snunnncn,
1394 2383 1480 2464 quod
1497 2382 1670 2445 Edwardus
1687 2379 1808 2444 Burnel

308 2467 469 2552 quondum
484 2467 605 2545 tenuit,
623 2466 707 2527 sicut
720 2466 907 2527 continetur
921 2471 985 2528 etc.

349 2605 394 2668 Et
407 2605 449 2668 de
464 2625 494 2668 x.
505 2626 531 2667 r.
545 2603 588 2666 de
615 2601 753 2684 Hugone
779 2601 819 2664 de
842 2599 1059 2685 Hauekelegh
1084 2622 1142 2685 pro
1168 2609 1283 2687 quarta
1309 2611 1400 2686 parte
1416 2605 1440 2690 j.
1457 2607 1480 2670 f.
1498 2627 1543 2672 m.
1560 2608 1595 2669 in
1610 2607 1805 2684 Ynnnnrnu,

306 2692 393 2781 quod
428 2689 593 2755 Johunues
629 2689 669 2752 de
706 2689 812 2771 Leges
841 2693 876 2751 et
904 2689 962 2751 alii
992 2689 1169 2772 participes
1198 2692 1232 2751 in
1263 2690 1440 2755 evidenciis
1470 2695 1627 2776 predictis
1657 2694 1805 2756 contenti

305 2784 493 2856 tenuerimt,
509 2779 595 2840 sicut
609 2776 798 2839 continetur
812 2781 875 2839 etc.

349 2919 394 2982 Et
408 2918 450 2981 de
465 2938 516 2981 xx.
527 2938 553 2980 s.
570 2914 611 2977 de
626 2913 647 2975 J
649 2912 775 2976 ohanne
792 2913 914 2996 Wynrd
929 2935 986 2995 pro
1001 2915 1046 2978 di.
1063 2915 1086 2978 f.
1103 2915 1138 2976 in
1155 2914 1373 2995 dcccmo,
1391 2919 1477 3001 quod
1492 2917 1659 2982 Johannes
1675 2917 1806 2998 Wyard,

306 3027 385 3072 avus
400 3005 539 3090 predicti
554 3003 610 3087 qui
626 3021 711 3062 nunc
728 3007 789 3077 est,
804 3001 967 3082 quondam
982 3003 1102 3082 tenuit,
1122 3002 1207 3064 sicut
1221 3004 1409 3066 continetur
1425 3012 1488 3070 etc.

349 3141 394 3204 Et
408 3142 448 3205 de
462 3160 512 3203 xx.
523 3161 548 3203 r.
563 3137 604 3199 de
630 3135 757 3221 Rogero
782 3135 823 3197 de
846 3133 978 3199 clifford
1004 3158 1061 3219 pro
1077 3138 1122 3204 di.
1139 3139 1162 3200 f.
1180 3139 1214 3200 in
1232 3137 1473 3219 Tnunnunurnr,
1488 3143 1574 3224 quod
1590 3141 1751 3205 Robertus
1765 3143 1806 3206 de

305 3228 437 3292 clifford
452 3225 613 3310 quondam
631 3224 752 3303 tenuit,
768 3224 853 3285 sicut
868 3225 1055 3286 continetur
1068 3232 1130 3290 etc.

349 3368 394 3430 Et
408 3367 448 3429 de
463 3388 551 3430 xm.
567 3365 607 3425 de
633 3361 773 3424 Ricardo
799 3361 839 3423 de
867 3359 1060 3426 Glodeshale
1083 3384 1141 3446 pro
1168 3364 1212 3427 di.
1230 3365 1252 3428 f.
1277 3364 1310 3426 in
1338 3365 1495 3444 Srocrort,
1521 3367 1606 3448 quod
1623 3366 1805 3429 Willelmus

306 3453 491 3519 Fukerham
506 3449 669 3535 quondam
685 3450 805 3524 tenuit,
820 3450 904 3510 sicut
919 3451 1107 3512 continetur
1122 3455 1184 3513 etc.

286 3637 288 3640 -
347 3595 392 3658 Et
406 3594 446 3656 de
460 3613 511 3656 xx.
522 3612 549 3654 s.
565 3589 605 3652 de
620 3587 767 3651 Johanne
782 3588 823 3650 de
839 3587 1026 3670 Boklynton
1042 3609 1098 3670 pro
1113 3588 1156 3651 di.
1173 3589 1195 3651 f.
1209 3588 1243 3648 in
1259 3588 1469 3668 Bounrurou,
1485 3589 1572 3672 quod
1587 3587 1749 3655 Johannes
1763 3591 1804 3654 de

305 3682 503 3765 Boldynton,
519 3697 598 3740 avus
613 3675 751 3758 predicti
766 3676 822 3759 qui
839 3695 926 3738 nunc
941 3681 1003 3753 est,
1018 3676 1182 3758 quondam
1199 3675 1317 3753 tenuit,
1333 3677 1417 3738 sicut
1433 3678 1623 3740 continetur
1638 3683 1701 3740 etc.

347 3815 584 3883 strennue
608 3814 750 3898 Hugone
774 3811 918 3895 Cokesey
932 3820 966 3876 et
990 3811 1194 3890 Elizubetha,
1211 3834 1271 3897 que
1293 3811 1359 3874 fuit
1380 3834 1458 3876 uxor
1473 3811 1632 3877 Johannis
1648 3811 1803 3898 Pychurd,

304 3930 362 3994 pro
388 3911 506 3992 quartu
530 3908 624 3986 purte
649 3901 674 3986 j
689 3901 712 3964 f.
728 3923 774 3966 m.
791 3902 825 3962 iu
855 3900 939 3967 Scir
965 3901 1133 3977 Pronum),
1161 3921 1223 3981 que
1246 3899 1329 3962 Milo
1345 3899 1492 3982 Pychard
1506 3903 1669 3984 quondam
1685 3903 1803 3981 tenuit,

304 3998 389 4060 sicut
403 3993 590 4057 continetur
605 3993 668 4052 etc.

346 4133 390 4196 Et
404 4133 445 4195 de
460 4152 489 4196 r.
499 4152 526 4194 s.
540 4130 580 4192 de
595 4129 735 4212 Hu'gone
749 4127 790 4190 de
805 4124 965 4208 Cokeseye
981 4147 1038 4209 pro
1053 4132 1168 4210 quarta
1183 4131 1274 4208 purte
1289 4126 1313 4211 j.
1331 4124 1353 4188 f.
1370 4147 1416 4191 m.
1431 4127 1466 4187 iu
1485 4127 1569 4193 sm
1583 4127 1728 4207 Srnunr,
1740 4149 1803 4213 que

302 4223 368 4284 fuit
382 4219 546 4304 quondam
560 4215 696 4279 Roberti
710 4214 857 4297 Sturmy,
873 4216 958 4276 sicut
972 4215 1158 4275 continetur
1173 4218 1236 4276 etc.

347 4357 392 4420 Et
421 4355 566 4419 deris.
593 4353 633 4415 de
660 4352 802 4414 Hnwisin
825 4351 866 4414 de
896 4346 1052 4432 Wysham
1075 4371 1132 4432 pro
1155 4350 1181 4434 j.
1198 4350 1221 4414 f.
1250 4351 1285 4411 in
1311 4349 1455 4416 Gnrrrou
1482 4356 1517 4414 ct
1541 4351 1693 4430 Hnuron,
1715 4356 1801 4438 quod

303 4446 447 4530 Rogems
462 4441 502 4504 de
518 4442 649 4504 Mortuo
663 4440 748 4502 Muri
764 4438 927 4523 quondam
941 4438 1062 4516 tenuit,
1077 4438 1162 4500 sicut
1179 4438 1366 4500 continetur
1381 4443 1441 4502 etc.

345 4579 388 4642 Et
402 4578 443 4640 de
458 4599 509 4641 xx.
519 4600 545 4642 r.
562 4575 603 4638 de
619 4573 768 4638 Johanne
782 4574 823 4637 de
838 4573 929 4636 Bello
944 4571 1068 4656 Campo
1082 4594 1141 4656 pro
1162 4571 1189 4656 j.
1206 4574 1228 4635 f.
1243 4567 1278 4635 in
1294 4575 1520 4640 Annonunncu
1537 4581 1571 4638 et
1587 4575 1800 4657 Crurnnnou,

301 4667 387 4754 quod
402 4665 565 4726 Robertus
578 4663 692 4744 Touuy
707 4661 872 4745 quondam
886 4662 1006 4738 tenuit,
1022 4660 1108 4723 sicut
1122 4660 1308 4724 continetur
1321 4669 1384 4724 etc.

345 4799 389 4862 Et
405 4800 446 4862 de
463 4818 548 4863 nne.
563 4798 605 4861 de
620 4795 770 4860 Johanne
797 4795 930 4879 Sturmy
946 4814 1004 4878 pro
1030 4795 1075 4860 di.
1092 4795 1114 4858 t‘.
1140 4796 1174 4858 in
1201 4796 1330 4862 Surrou
1359 4794 1504 4873 Sinuri,
1528 4795 1612 4876 quod
1639 4795 1799 4860 Robertus

302 4886 436 4969 Sturmy
451 4886 616 4969 quondam
630 4885 750 4963 tenuit,
766 4885 851 4946 sicut
864 4885 1052 4945 continetur
1065 4886 1127 4946 etc.

343 5023 388 5085 Et
403 5022 443 5086 de
458 5044 544 5087 xus.
560 5021 600 5085 de
626 5020 769 5083 Henrico
791 5021 831 5082 de
853 5017 1050 5103 Huggelegh
1067 5019 1181 5101 prodi.
1197 5020 1219 5083 f.
1236 5019 1270 5080 in
1288 5019 1528 5086 Snunoesnurn
1545 5017 1697 5096 Writers,
1712 5019 1796 5101 quod

300 5111 461 5174 Henricus
476 5110 505 5172 le
520 5108 650 5192 Wsleys
664 5107 827 5192 quondam
843 5109 965 5186 tenuit,
981 5107 1066 5169 sicut
1080 5107 1264 5169 continetur
1279 5113 1339 5170 etc.

342 5245 386 5308 Et
414 5245 455 5308 de
482 5265 571 5309 me.
598 5245 639 5308 de
668 5244 828 5321 Johanne,
857 5244 961 5324 priore
993 5242 1177 5326 Wygornie,
1207 5263 1265 5325 pro
1291 5243 1335 5304 di.
1361 5242 1384 5306 f.
1412 5242 1448 5304 in
1478 5242 1679 5318 Douuuuru,
1710 5239 1796 5322 quod

296 5331 534 5416 predecessores
549 5332 610 5395 loci
626 5331 768 5415 predicti
782 5330 946 5413 quondam
960 5336 1151 5409 tenuerunt,
1167 5330 1253 5394 sicut
1268 5331 1454 5393 continetur
1468 5334 1529 5392 etc.
