4092 6117
336 593 378 666 76
982 592 1200 665 SUFFOLK.

381 882 429 945 De
447 883 612 947 Wilielmo
626 884 667 947 de
683 882 821 967 Ciopton
837 888 972 948 tenente
994 880 1060 970 [in]
1083 884 1340 961 Wnnnuuernnu
1362 887 1397 946 et
1420 881 1622 948 Tuumnowu
1636 881 1698 966 iiij.
1714 886 1840 963 partem

339 968 535 1121 zffisseffl?
551 970 695 1110 hogerus
710 971 796 1111 filipe
811 971 945 1110 Jorduni
961 976 997 1111 et
1010 970 1225 1110 Jordanuede
1239 969 1324 1109 Aiby
1338 991 1444 1109 nuper
1457 973 1636 1108 tennenmt
1656 969 1697 1106 de
1722 967 1843 1119 corpitep

384 1201 433 1266 De
459 1203 583 1267 Thomu
608 1202 649 1267 de
675 1201 915 1267 Berucrdeetcn
942 1206 1075 1267 tenente
1100 1203 1135 1265 iu
1149 1201 1408 1269 Wununuerunu
1430 1202 1592 1287 quoddam
1615 1204 1841 1266 tenementum

340 1296 490 1354 vocatum
505 1293 659 1357 Asprum
674 1310 749 1355 cum
764 1290 976 1355 advocacione
992 1290 1125 1355 ecclesie
1139 1310 1198 1373 per
1212 1312 1263 1356 rx.
1280 1298 1407 1375 purtem
1422 1292 1447 1353 f.
1462 1312 1507 1356 m.
1523 1290 1609 1373 quod
1624 1289 1787 1353 Walterue
1800 1290 1842 1353 de

341 1376 575 1442 Bernardeston
591 1398 698 1477 nuper¹
709 1379 819 1442 tenuit
833 1379 874 1441 de
890 1377 1033 1441 Roberto
1047 1377 1117 1440 filio
1131 1378 1271 1442 Walteri
1371 1417 1382 1430 -
1472 1418 1483 1429 -
1573 1418 1585 1429 -
1675 1417 1686 1428 ·
1771 1375 1841 1462 ite.

385 1526 434 1591 De
458 1525 607 1591 Jchenne
631 1528 670 1591 de
697 1527 778 1592 Bret
802 1533 936 1592 tenente
959 1528 994 1591 in
1009 1528 1199 1595 Wumruo
1225 1527 1270 1591 di.
1288 1528 1312 1594 s.
1328 1550 1373 1594 m.
1398 1527 1486 1611 quod
1511 1527 1675 1591 Johennee
1699 1527 1740 1591 de
1763 1526 1842 1591 Bret

340 1634 444 1698 nuper
458 1616 569 1679 tenuit
582 1614 622 1677 de
637 1614 782 1680 Woltero
796 1615 864 1679 filio
880 1614 1024 1677 Umfridi
1071 1654 1691 1667 ·······
1757 1636 1841 1680 xm.

384 1766 433 1830 De
448 1766 588 1831 Rcberto
602 1768 643 1832 de
656 1768 860 1853 Appelthcrp
874 1774 1009 1832 tenente
1024 1769 1059 1831 in
1075 1768 1230 1835 Girumu
1246 1768 1292 1833 di.
1309 1768 1332 1833 i.
1349 1789 1394 1833 m.
1410 1768 1497 1853 quod
1511 1767 1642 1831 Joiouee
1666 1767 1708 1831 de
1731 1766 1843 1830 Bovile

340 1854 505 1938 quondum
520 1857 629 1920 tenuit
643 1855 682 1920 de
697 1858 818 1921 comite
833 1856 1039 1921 Gloucestrie
1070 1894 1689 1907 ·······
1759 1876 1841 1922 xxo.

385 2009 433 2073 De
455 2008 579 2073 Thomu
605 2009 644 2072 de
672 2008 909 2073 Bemurdeston
935 2012 1070 2073 tenente
1095 2008 1129 2069 in
1154 2007 1308 2073 Kuornorr
1333 2007 1378 2072 di.
1393 2008 1417 2071 f.
1435 2028 1480 2072 m.
1503 2008 1592 2091 quod
1616 2006 1776 2071 Robertus
1801 2007 1841 2070 de

346 2096 484 2179 Willeby
498 2096 661 2180 quondam
676 2098 787 2160 tenuit
803 2096 843 2159 de
859 2095 978 2159 herede
993 2095 1063 2157 Ade
1078 2094 1118 2157 de
1133 2094 1224 2159 Novo
1239 2094 1385 2159 Merceto
1477 2134 1488 2145 -
1578 2136 1589 2147 -
1679 2136 1691 2147 -
1761 2116 1843 2160 xxm.

388 2247 436 2311 De
458 2245 606 2311 Johenne
627 2247 668 2311 de
691 2247 900 2330 Pounteucye
922 2243 1115 2333 [Pulteuey]
1138 2251 1267 2310 tenente
1289 2247 1325 2308 in
1348 2247 1606 2313 Wunuuueuunu
1620 2248 1644 2332 j.
1660 2246 1682 2313 f.
1698 2269 1743 2313 m.
1759 2246 1844 2330 quod

344 2335 459 2401 Sibilla
475 2335 621 2419 chedey
637 2334 802 2418 quondum
817 2337 925 2398 tenuit
939 2337 973 2397 in
988 2335 1102 2399 eedem
1117 2334 1196 2397 villa
1210 2334 1253 2397 de
1265 2334 1380 2397 herede
1395 2334 1417 2396 J
1419 2334 1531 2397 ordeni
1547 2334 1658 2397 Foliot
1679 2374 1692 2386 -
1768 2334 1843 2399 xie.

388 2486 436 2551 De
450 2487 564 2551 eodem
580 2487 601 2550 J
602 2486 729 2551 chenne
744 2486 784 2551 de
799 2486 1009 2570 Pcunteneye
1027 2484 1224 2573 [Pulteney]
1242 2491 1378 2550 tenente
1393 2487 1428 2549 in
1439 2487 1698 2554 Wennunsrnno
1713 2486 1757 2549 di.
1767 2485 1790 2549 f.
1799 2505 1845 2550 m.

343 2575 430 2658 quod
446 2573 561 2637 Sibilln
576 2574 726 2659 Loveduy
744 2574 908 2659 quondam
923 2575 1035 2638 tenuit
1048 2574 1089 2638 de
1104 2575 1224 2637 comite
1239 2573 1414 2637 Glovernie
1477 2609 1491 2621 -
1580 2614 1591 2625 -
1679 2610 1692 2621 -
1763 2590 1846 2637 xmo.

387 2722 437 2788 De
451 2723 598 2786 iohanne
613 2722 654 2787 de
669 2722 753 2786 Boos
776 2728 909 2787 tenente
934 2724 969 2787 in
985 2723 1098 2787 endem
1114 2724 1192 2787 villa
1208 2723 1248 2786 de
1263 2724 1521 2789 Wuuuuusfuuc
1537 2722 1606 2808 viij.
1621 2728 1747 2805 purtem
1761 2722 1785 2786 f.
1800 2743 1845 2787 m.

344 2810 430 2897 quod
446 2809 585 2873 Thomas
599 2808 792 2873 Anohecche
815 2808 1024 2897 [Haucheoh]
1048 2831 1150 2895 nuper
1165 2811 1275 2874 tenuit
1289 2811 1330 2874 de
1345 2810 1494 2875 Aubrede
1510 2809 1642 2894 Cepeles
1684 2849 1695 2861 -
1783 2831 1848 2877 vm.

390 2958 437 3023 De
451 2957 601 3022 Jchanne
616 2958 656 3022 de
671 2959 704 3021 ln
718 2957 908 3025 Creeeonere
924 2965 1061 3025 tenente
1076 2962 1112 3024 in
1128 2962 1281 3029 Grrennn
1308 2961 1354 3024 di.
1369 2960 1393 3026 f.
1410 2982 1455 3025 m.
1473 2961 1559 3046 quod
1582 2959 1746 3024 Jchannee
1760 2960 1801 3023 de
1816 2959 1849 3024 le

346 3046 537 3219 (liirpsepppppes
557 3046 724 3185 pucndpm
750 3048 919 3187 tenuit-in
943 3048 1230 3187 eodem-villede
1256 3049 1389 3187 cpmite.
1402 3047 1607 3187 Glcuceetrie
1635 3046 1849 3201 d⁰.J⁰h{}n3⁰,

390 3271 439 3335 De
469 3270 610 3335 Robertc
639 3271 680 3335 de
705 3270 886 3356 Apelthorp
916 3277 1051 3336 tenente
1080 3274 1115 3336 in
1145 3273 1299 3340 Girumu
1328 3272 1373 3337 di.
1399 3272 1422 3336 f.
1449 3293 1494 3337 m.
1520 3271 1606 3357 quod
1628 3270 1787 3334 Robertue
1809 3271 1851 3334 de

253 3450 257 3459 1
346 3358 513 3423 Heueiede
527 3357 691 3443 quondam
706 3361 817 3423 tenuit
830 3360 866 3423 in
882 3360 995 3425 endem
1011 3361 1090 3424 villu
1104 3360 1145 3423 de
1160 3362 1280 3423 comite
1295 3358 1495 3425 Glcuceetrie
1585 3400 1597 3411 -
1686 3398 1697 3409 ·
1769 3380 1851 3425 xxm.

390 3507 439 3573 De
453 3507 620 3571 Willelmo
643 3506 815 3571 Talmuche
840 3512 974 3573 tenente
999 3509 1036 3572 in
1059 3508 1172 3572 eadem
1195 3506 1257 3593 iiij.
1272 3512 1399 3591 portem
1423 3508 1446 3573 f.
1475 3529 1520 3573 m.
1546 3527 1645 3591 quum
1669 3505 1853 3575 Willelmue

347 3595 520 3658 Telmeche
534 3599 569 3658 et
584 3600 733 3659 tenentes
748 3596 800 3659 eui
815 3600 991 3660 tenuerunt
1004 3597 1046 3660 de
1061 3594 1206 3678 predicto
1220 3596 1396 3659 comite·
1486 3634 1497 3645 ·
1586 3634 1598 3645 ·
1688 3634 1699 3647 ·
1787 3614 1852 3659 ruo.

391 3743 438 3806 De
452 3741 565 3806 eodem
581 3742 748 3809 Willelmo
763 3748 900 3811 tenente
916 3747 951 3809 in
966 3745 1112 3811 Muuuorr
1127 3745 1172 3810 di.
1188 3744 1211 3808 f.
1228 3765 1273 3809 m.
1288 3743 1376 3827 quod
1390 3741 1558 3807 Johunnee
1583 3742 1729 3807 Devieux
1752 3763 1857 3826 nuper

346 3831 456 3895 tenuit
470 3830 511 3893 de
525 3830 615 3895 dicto
629 3832 750 3895 comite
773 3868 1703 3884 ----------
1772 3852 1855 3897 xm.

390 3966 438 4032 De
454 3966 568 4031 eodem
584 3967 751 4031 Wiilelmo
766 3974 903 4033 tenente
919 3969 953 4032 in
969 3969 1085 4034 eedem
1100 3969 1144 4033 di.
1161 3969 1184 4033 f.
1200 3989 1245 4033 m.
1272 3967 1357 4051 quod
1386 3966 1529 4031 Laurote
1551 3968 1590 4030 de
1614 3966 1798 4031 Hamelden
1822 3972 1856 4031 et

347 4060 497 4151 tenentes
511 4055 562 4118 eui
576 4060 754 4121 tenuerunt
769 4056 808 4119 de
823 4056 970 4140 predicto
984 4061 1106 4121 comite
1122 4056 1326 4120 Glouceetrie
1386 4094 1398 4106 ·
1488 4094 1499 4106 -
1589 4095 1601 4107 -
1690 4093 1702 4106 -
1772 4076 1855 4122 xxc.

375 4206 442 4289 ⁴De
458 4204 641 4291 liudulpho,
657 4206 775 4271 barone
789 4207 831 4270 de
847 4206 1000 4287 Stefford,
1016 4212 1147 4273 tenente
1161 4208 1195 4271 in
1212 4206 1437 4273 Hevunumnn
1452 4205 1514 4290 iiij.
1528 4209 1656 4289 purtem
1670 4205 1693 4269 f.
1705 4224 1857 4288 mquam

349 4292 552 4445 gppporeusetpip
564 4291 724 4433 herili-et
738 4299 892 4435 tepentee
901 4296 953 4359 eui
978 4295 1143 4434 puondpm
1165 4299 1344 4433 tenuerunt
1366 4296 1404 4432 iu
1429 4294 1546 4431 ecdem
1569 4291 1648 4426 ville
1672 4291 1714 4430 de
1740 4294 1859 4445 conpitsse

393 4516 442 4583 De
468 4515 642 4581 Edmundo
667 4516 707 4581 de
733 4516 855 4582 Sutton
883 4524 1018 4585 tenente
1046 4522 1081 4583 in
1108 4519 1365 4587 Wurnnureuoo
1395 4516 1444 4603 iij.
1467 4517 1629 4600 quarteria
1651 4516 1675 4581 f.
1699 4536 1744 4581 m.
1775 4517 1861 4601 quod

353 4605 537 4669 Willelmue
566 4604 607 4667 de
636 4602 769 4683 sutton,
805 4604 973 4673 Johaunes
1003 4606 1158 4687 cheren,
1197 4613 1233 4670 et
1264 4605 1372 4669 Homo
1402 4606 1442 4668 de
1472 4602 1669 4668 Rothinhale
1698 4604 1861 4687 quondum

350 4696 531 4757 tenuerunt
545 4692 580 4754 in
597 4691 712 4755 eedem
726 4693 806 4755 villa
879 4729 1707 4746 ---------
1755 4712 1862 4758 ma.

394 4828 443 4894 De
467 4827 618 4893 Johunnc
644 4827 708 4913 Sey
731 4835 867 4895 tenente
891 4832 925 4894 in
951 4831 1101 4899 Durium
1125 4829 1186 4916 iiij.
1214 4835 1342 4915 purtem
1366 4828 1390 4894 i.
1415 4849 1460 4895 m.
1488 4849 1585 4912 quam
1614 4827 1776 4893 Jchcnnee
1798 4828 1863 4912 Sey

350 4917 515 5003 quondam
529 4916 689 4981 tenuitiu
705 4917 817 4981 eadem
834 4918 913 4983 villu
929 4918 969 4983 de
986 4920 1106 4983 comite
1123 4918 1247 4984 Oxcnie
1293 4955 1711 4969 ·····
1800 4938 1861 4983 nr.

395 5054 443 5118 De
468 5053 636 5119 Willelmo
659 5053 787 5119 Giffcrd
813 5060 949 5122 tenente
974 5059 1008 5121 in
1034 5058 1186 5126 Cnorrorr
1214 5057 1260 5120 di.
1286 5055 1309 5121 f.
1336 5076 1382 5121 m.
1408 5054 1493 5139 quod
1517 5054 1657 5117 Thomas
1680 5053 1807 5118 Gifferd
1829 5060 1865 5119 et

351 5145 502 5207 tenentes
518 5142 570 5206 eui
584 5142 750 5225 quondam
765 5149 944 5210 tenuerunt
959 5147 996 5208 in
1010 5146 1121 5211 eedem
1138 5144 1218 5210 ville
1231 5144 1273 5208 de
1289 5144 1411 5209 comite
1426 5142 1614 5205 Warrennie
1703 5181 1714 5193 -
1780 5164 1863 5209 xxm.

394 5277 445 5343 De
461 5278 627 5345 willelmo
641 5279 682 5345 de
697 5279 834 5364 Olcptcn
851 5286 986 5349 tenente
1000 5284 1036 5349 in
1052 5284 1246 5352 Wmnnuuo
1269 5282 1294 5367 j.
1310 5280 1334 5347 i.
1349 5300 1396 5348 m.
1420 5278 1507 5364 quod
1521 5278 1639 5343 Petrus
1652 5278 1694 5343 de
1707 5278 1867 5343 Trluorth

351 5366 519 5453 qnondam
533 5368 641 5437 tenrrit
655 5369 690 5433 iu
705 5368 818 5435 ecdem
833 5369 910 5435 villa
926 5372 966 5437 de
981 5372 1102 5456 comite
1121 5370 1297 5433 Werennie
1397 5406 1409 5419 ·
1498 5406 1510 5420 ·
1600 5404 1613 5449 ς
1789 5366 1865 5436 xie.
