4092 6117
346 572 409 637 104
990 572 1208 642 SUFPOLK.

389 846 481 914 Item
488 848 605 917 dicunt
615 850 702 933 quod
716 850 911 917 Edmnndns
924 850 1027 935 Berry
1043 856 1136 917 tenet
1145 850 1311 935 socrgiurn
1324 851 1359 917 in
1369 848 1603 919 vencnum
1620 843 1686 933 [et]
1700 844 1841 913 warnos

344 933 386 997 de
417 940 501 999 terrs
529 937 672 1001 Tunerre
694 938 735 1001 de
758 938 891 1003 domino
908 958 985 1024 rege
1006 942 1060 1002 i.c.
1084 938 1247 1003 reddendo
1268 940 1337 1023 regi
1359 956 1560 1022 personum
1584 956 1646 1001 v.s.
1674 932 1756 1017 vjrd.
1799 930 1840 995 nt

346 1022 530 1105 predictum
541 1026 709 1111 socsgiurn
723 1025 811 1090 velet
826 1045 1022 1110 personum
1038 1048 1066 1093 c.
1073 1049 1099 1093 s.

385 1158 472 1223 [iem
487 1161 601 1225 dicunt
615 1163 701 1245 qnod
716 1183 781 1226 non
792 1168 871 1227 sunt
881 1162 991 1247 plures
1002 1168 1086 1227 terre
1097 1166 1130 1227 ei
1142 1165 1334 1227 tenemento
1344 1161 1429 1225 inire
1441 1159 1643 1224 hundredum
1659 1155 1839 1241 predictum

343 1266 407 1330 que
420 1246 462 1311 de
477 1246 610 1312 domino
625 1270 701 1335 rege
716 1256 873 1315 tenentur
887 1252 922 1314 in
937 1252 1067 1335 eocsgio
1082 1270 1139 1314 seu
1153 1250 1188 1313 iu
1204 1250 1322 1334 capite.

390 1381 428 1444 Iu
444 1383 538 1469 cujus
553 1385 600 1449 rei
615 1386 843 1450 testimoninm
858 1392 921 1450 ecc.

790 1596 1028 1687 [Honnnsoors
1051 1594 1112 1685 nn]
1138 1596 1398 1667 BABBuRGH.

384 1735 562 1820 Inquisicio
591 1741 687 1819 capis
719 1756 827 1799 corum
858 1734 983 1800 Thoms
1013 1735 1162 1819 Gurney,
1192 1740 1350 1800 esoaeiore
1371 1735 1496 1798 domini
1517 1735 1602 1821 regis
1624 1736 1660 1797 in
1682 1736 1836 1799 comitatu

343 1822 512 1902 Snffolkie,
526 1830 562 1887 ei
575 1825 669 1886 sociis
684 1826 751 1886 suis
764 1823 988 1887 collectoribus
1010 1824 1136 1887 domini
1159 1824 1241 1907 regis
1262 1825 1298 1887 in
1319 1824 1480 1887 comitutu
1502 1824 1646 1905 prodiero
1667 1822 1836 1907 asngnstn

342 1910 382 1974 de
397 1909 584 1974 rscionabiii
598 1910 719 1974 auxilio
732 1910 774 1974 nd
786 1910 981 1975 Blsnchesm
994 1912 1247 1995 primogenitem
1263 1910 1366 1973 filiurn
1379 1907 1504 1973 domini
1518 1912 1607 1994 regis
1622 1911 1835 1973 maritandum

340 1998 428 2080 opud
450 1996 615 2062 Henhowe
636 1998 690 2061 die
712 1997 867 2061 Mercurii
889 2000 1037 2081 proxima
1059 2003 1133 2081 post
1154 1998 1277 2061 festum
1299 1995 1410 2060 Sancti
1432 1996 1600 2059 Valentini
1632 2017 1718 2061 anuo
1749 1997 1835 2081 regni

340 2085 427 2169 regis
449 2084 582 2148 Henrici
602 2086 711 2168 quarti
733 2091 806 2167 post
826 2090 1040 2169 conquestum
1062 2086 1165 2149 tercio
1186 2105 1243 2167 per
1264 2091 1502 2149 sacrementum
1524 2083 1682 2148 Johannie
1704 2084 1777 2147 Hoo
1797 2085 1835 2147 de

340 2170 510 2249 Meliorde,
532 2171 691 2239 Willelmi
713 2172 846 2250 Hunne,
868 2172 1000 2236 Ricsrdi
1022 2170 1181 2248 coleson,
1203 2170 1362 2235 Johsnnis
1394 2169 1535 2248 Richier‚
1567 2169 1727 2235 Johannie
1760 2170 1837 2249 Lon,

339 2258 499 2323 Johnnnie
520 2258 638 2336 Bereli,
661 2257 822 2323 iohannis
854 2260 1010 2337 Msnevve,
1033 2259 1193 2323 Johsnnis
1214 2259 1422 2335 Archeniein‚
1444 2258 1604 2327 Wiiielmi
1627 2258 1836 2337 Hulderserd,

340 2347 361 2411 J
363 2346 498 2409 ohannis
507 2347 648 2426 Weston,
661 2346 794 2413 Roberti
805 2346 923 2425 Cnrles,
935 2345 1095 2412 Johsnnis
1110 2345 1425 2424 calle,etWi1101mi
1438 2346 1635 2425 invomere,
1647 2346 1834 2433 juncorum,

339 2435 396 2518 qui
411 2434 527 2498 dicuni
543 2454 723 2518 percorum
740 2443 980 2498 sacramentum
993 2435 1079 2517 quod
1090 2456 1144 2497 :-

381 2594 561 2678 Episcopus
575 2594 716 2659 Elisnsis
730 2600 822 2659 tenet
838 2595 879 2659 de
893 2616 970 2680 rege
984 2597 1037 2662 i.c.
1053 2596 1201 2661 muueris
1217 2616 1275 2659 ena
1289 2596 1326 2659 in
1340 2594 1570 2665 Gmnnssonn
1583 2600 1617 2659 et
1633 2594 1834 2665 Harum

339 2687 389 2747 set
402 2702 468 2765 qno
481 2683 619 2747 servicio
632 2683 794 2767 ignorent.

383 2819 488 2883 Abbss
509 2818 622 2883 Sancti
645 2818 814 2883 Edmundi
836 2825 932 2885 tenet
954 2823 1101 2885 msnerie
1123 2820 1164 2884 de
1186 2820 1386 2900 Msnrossnn,
1410 2818 1598 2900 Connrnnn,
1621 2825 1656 2885 et
1679 2822 1835 2889 Gnoossss

338 2907 377 2971 de
391 2906 524 2970 domino
539 2928 616 2992 rege
629 2907 664 2969 in
680 2927 794 2990 purum
810 2914 845 2972 et
859 2919 1050 2992 perpetuam
1068 2908 1290 2972 elemosinam.

382 3042 490 3109 Abbes
511 3044 553 3107 ds
574 3044 752 3128 Remeseye
773 3050 866 3111 tenet
888 3048 1072 3113 manerium
1096 3066 1192 3112 sunm
1214 3048 1251 3111 in
1272 3046 1475 3126 Licinum
1496 3046 1537 3110 de
1560 3067 1636 3133 rege
1658 3048 1696 3115 in
1723 3068 1834 3132 puram

337 3141 373 3196 et
387 3136 580 3215 perpetuum
592 3132 816 3200 elemosinem.

382 3267 517 3347 Alanus,
530 3269 681 3334 dominns
703 3270 777 3334 Fiiz
793 3271 917 3350 Wster‚
933 3276 1031 3335 tenet
1046 3270 1227 3334 menesium
1250 3290 1346 3334 snum
1368 3271 1401 3333 in
1426 3269 1622 3339 smmum
1645 3272 1684 3335 de
1706 3272 1835 3336 domiuo

338 3376 424 3442 rege,
439 3360 490 3421 sei
504 3376 562 3441 per
576 3376 638 3441 qne
654 3359 789 3423 servicia
803 3360 968 3445 ignorent.

381 3494 564 3563 Willelmus
585 3495 747 3560 Rokvode
769 3502 802 3561 et
824 3497 978 3580 Hawysis
999 3494 1135 3560 Glerbek
1159 3500 1271 3560 tenent
1293 3498 1483 3559 tenementis
1503 3514 1562 3558 sus
1583 3495 1622 3558 in
1640 3496 1775 3563 Amore
1797 3495 1835 3559 de

336 3583 468 3647 domino
482 3602 557 3667 rege
573 3583 613 3647 de
627 3581 749 3648 honore
764 3585 806 3648 de
821 3583 957 3648 Hatield
971 3582 1120 3647 Peverell
1135 3602 1193 3666 per
1208 3583 1382 3647 servicium
1396 3582 1584 3646 mediststie
1598 3582 1620 3647 f.
1636 3604 1681 3649 m.

380 3720 484 3783 Alicis
514 3720 635 3786 Brisne
666 3725 759 3785 tenet
792 3722 977 3785 manerium
1010 3740 1106 3785 sunm
1137 3722 1172 3784 in
1203 3721 1339 3786 Aneros
1371 3722 1521 3783 vocaturn
1553 3718 1777 3788 Honueovvun
1802 3726 1834 3785 et

336 3808 526 3874 Tmnsome
539 3806 581 3871 de
594 3806 727 3871 domino
741 3828 817 3892 rege
831 3815 870 3873 nt
883 3808 925 3872 de
938 3808 1057 3873 honore
1073 3807 1221 3891 predicto
1236 3828 1293 3891 per
1308 3806 1480 3871 servicium
1494 3804 1520 3890 j.
1536 3804 1559 3872 f.
1574 3828 1619 3873 m.

378 3943 541 4009 Robertus
563 3941 691 4021 Corbet,
712 3944 817 4024 miles,
837 3950 929 4009 tenet
950 3944 1132 4011 merium
1154 3965 1251 4011 suurn
1271 3946 1310 4011 in
1329 3944 1493 4013 Aemerorr
1524 3940 1565 4008 de
1598 3944 1730 4009 domino
1760 3964 1834 4030 rege

334 4037 373 4096 ni
387 4032 428 4095 de
440 4030 563 4094 honore
577 4030 725 4113 predicto
738 4052 797 4115 per
812 4032 986 4096 servicium
1000 4032 1191 4097 medietatis
1205 4032 1230 4119 j
1245 4031 1269 4097 f.
1286 4052 1331 4099 m.

376 4167 559 4236 willelmus
580 4168 767 4255 Tendryng,
787 4170 895 4249 miles,
917 4177 1008 4237 tenet
1041 4173 1078 4235 in
1108 4170 1319 4240 Mnunnroeu
1349 4171 1532 4237 manerium
1565 4190 1661 4257 enum
1685 4179 1831 4237 vocatum

333 4253 601 4325 murimundo
615 4276 703 4341 rege,
717 4264 769 4321 set
782 4278 842 4343 per
855 4278 920 4343 qne
934 4260 1070 4325 servicis
1084 4260 1249 4347 ignorent.

375 4392 516 4457 Thomas
606 4392 724 4474 eshsle,
746 4393 912 4460 Johsnnes
932 4395 1053 4480 Aleyn,
1074 4396 1185 4460 etalii
1209 4400 1327 4461 teuent
1348 4395 1389 4459 de
1410 4395 1543 4459 domino
1557 4394 1741 4475 Edmundo,
1756 4396 1834 4461 duee

331 4480 476 4560 Eboraci,
484 4484 523 4543 nt
534 4480 574 4543 de
608 4499 705 4544 onore
719 4482 762 4545 de
774 4482 919 4568 Reylegh
935 4485 1077 4547 maneria
1092 4483 1133 4547 de
1148 4483 1322 4551 Ponernnn
1337 4488 1371 4546 ei
1387 4483 1577 4549 Nuwssnsnn
1593 4502 1650 4567 per
1664 4483 1832 4547 servicium

331 4570 356 4654 j.
371 4566 395 4632 i.
411 4588 456 4633 m.
471 4587 568 4651 quern
582 4568 715 4655 quidem
729 4568 882 4634 honorem
898 4570 1049 4634 dominus
1064 4571 1189 4654 sexqui
1204 4590 1291 4634 nnnc
1305 4574 1354 4634 esi
1368 4570 1526 4634 concessit
1547 4569 1694 4654 predicto
1707 4570 1784 4633 duci
1800 4574 1833 4634 ei

332 4654 503 4719 heredibus
517 4654 559 4717 de
572 4674 701 4739 corpore
716 4657 922 4723 exeuntibus.

376 4790 536 4856 Keierins
564 4787 822 4877 Chaumberleyn
851 4798 942 4859 tenet
971 4799 1071 4860 terres
1100 4804 1135 4859 et
1161 4798 1351 4860 tenements
1380 4812 1438 4858 sus
1466 4794 1501 4857 in
1530 4792 1638 4861 Bronn
1665 4792 1834 4872 ansnn,

331 4880 511 5037 Ῡῖἲειτῃιυιι,
536 4884 570 4943 ec
595 4878 750 4947 aneuon
775 4880 925 4967 detege,
949 4888 986 4947 ut
1012 4882 1053 4947 de
1077 4881 1196 4947 honore
1221 4881 1366 4968 predicto
1387 4900 1444 4965 per
1459 4880 1633 4945 servicium
1648 4881 1833 4947 medietstis

326 4990 355 5052 J·
375 5080 397 5145 J
398 5015 540 5143 ohennes
554 5080 596 5143 de
611 5078 783 5145 Doresvsrd
796 5082 902 5146 etalii
917 5086 1009 5147 tenet
1022 5083 1204 5147 manerium
1218 5083 1259 5147 de
1274 5080 1417 5150 Wnerorr
1439 5076 1512 5167 [de]
1532 5080 1676 5165 predicto
1693 5081 1774 5147 dues
1795 5086 1832 5145 nt

331 5169 373 5232 de
386 5168 505 5231 honore
520 5166 666 5251 predicis
679 5188 739 5251 per
753 5169 922 5233 servicium
937 5169 962 5257 ι’.
976 5170 1001 5236 f.
1016 5192 1063 5237 m.

373 5298 512 5364 Thomas
526 5299 699 5387 Gerbrege,
717 5301 820 5381 miles,
835 5306 927 5367 tenet
942 5305 1124 5367 manerium
1140 5323 1236 5367 suum
1262 5304 1295 5365 in
1322 5300 1513 5369 Srmsnnnn
1535 5296 1610 5387 [de]
1629 5320 1705 5385 rege
1733 5307 1770 5365 ut
1791 5300 1830 5365 de

331 5388 452 5453 honore
465 5387 506 5452 de
519 5386 655 5451 Bolonie
673 5390 742 5467 (rio)
760 5410 819 5473 per
834 5392 1005 5456 servicium
1018 5390 1044 5477 j.
1060 5391 1084 5457 f.
1100 5410 1145 5456 sn.
