4092 6117
287 566 351 629 246
901 559 1173 629 WILTSHIRE.

330 842 425 908 Prior
439 842 552 909 Sancti
568 842 733 922 Swithini,
746 843 936 929 Wyntonis,
951 849 1047 909 tenet
1067 844 1248 910 inmediate
1270 843 1312 908 de
1335 842 1455 912 honore
1479 840 1683 908 Gloucestrie
1696 853 1787 906 certa

287 935 392 1101 tpeprrtssip
406 936 669 1086 petuntenlpmenta
698 933 733 996 in
759 932 934 1001 Wnsrwou
958 932 993 996 in
1018 951 1136 1016 purum
1160 931 1371 997 elemosinam
1397 951 1456 1016 per
1478 930 1652 996 servicium
1671 930 1787 1018 quinte

330 1173 471 1238 Thomas
493 1174 684 1240 Beuushene
707 1179 800 1241 tenet
822 1177 1001 1242 immediate
1026 1177 1068 1242 de
1082 1177 1103 1241 J
1105 1176 1245 1253 ohanna,
1257 1176 1373 1260 regina
1389 1175 1518 1261 Anglis,
1534 1180 1574 1239 nt
1587 1176 1628 1240 ds
1641 1139 1787 1240 manerio

287 1279 346 1324 suo
368 1261 407 1324 de
430 1261 592 1326 Hamsted
617 1261 788 1344 ltlnrchall,
804 1270 893 1328 certa
919 1270 1019 1330 terras
1043 1268 1078 1329 ct
1104 1270 1291 1328 tenementa
1314 1265 1350 1327 in
1365 1265 1474 1331 Psavs
1488 1265 1707 1343 Arunwoauu,
1723 1283 1786 1347 que

286 1367 388 1432 nuper
400 1349 534 1414 fuerunt
549 1350 684 1436 Georgii
699 1349 861 1430 seleman,
875 1373 930 1437 per
943 1352 1119 1417 servicium
1134 1352 1179 1417 di.
1194 1351 1219 1418 f.
1236 1371 1291 1418 un.
1307 1373 1353 1418 m.

330 1509 516 1575 Willelmus
539 1510 627 1576 Bous
657 1517 748 1578 tenet
778 1514 958 1578 inmedintc
987 1513 1028 1578 dc
1063 1513 1183 1578 honore
1215 1513 1256 1577 ds
1285 1512 1472 1599 Trobrygge
1503 1518 1592 1576 certa
1621 1519 1725 1576 terras
1754 1517 1788 1576 et

285 1599 536 1753 geppptamin
567 1600 801 1683 Onnuunssnn,
830 1622 893 1687 qne
922 1622 1025 1687 nuper
1056 1599 1189 1666 fuerumt
1218 1601 1355 1666 Henrici
1384 1600 1497 1684 Percy,
1525 1621 1583 1684 per
1617 1600 1786 1666 servicium

328 1844 495 1911 Johannes
520 1847 649 1912 Boume
678 1854 772 1916 tenet
804 1850 983 1914 inmcdiatc
1010 1851 1052 1916 de
1089 1851 1195 1936 priore
1221 1850 1262 1914 de
1290 1849 1489 1935 Worspryng
1514 1853 1602 1913 certa
1624 1852 1725 1912 terras
1753 1855 1787 1914 et

286 1935 539 2089 ffinefmlpptpnin
569 1935 806 2020 Gunuunsuuo,
837 1959 901 2025 que
929 1958 1035 2024 nuper
1064 1940 1197 2004 fuerunt
1226 1937 1360 2023 Georgii
1388 1933 1499 2021 Pcroy,
1529 1955 1588 2021 per
1617 1937 1786 2002 servicium

327 2184 493 2249 Johannes
509 2183 631 2250 Blount
646 2191 737 2250 tenet
753 2186 933 2274 inmediate
947 2187 989 2252 de
1003 2187 1146 2252 Robcrto
1169 2187 1297 2270 Tornay
1312 2190 1400 2252 certa
1422 2191 1524 2249 terras
1545 2191 1579 2250 et
1601 2189 1788 2250 tenemento

283 2269 498 2428 ifnuffiuur,
529 2294 593 2358 que
619 2294 724 2357 nuper
752 2275 887 2338 tuerunt
910 2276 1029 2361 Rogeri
1054 2276 1094 2339 de
1121 2273 1246 2359 Berley,
1274 2294 1331 2358 per
1354 2274 1523 2338 servicium
1548 2278 1661 2359 quarte
1685 2274 1786 2356 pertis

328 2521 502 2604 Walterus,
519 2524 670 2588 dominus
685 2524 724 2588 de
739 2524 955 2610 Huugerford,
970 2529 1063 2589 tenet
1077 2523 1258 2588 inmediate
1271 2524 1313 2588 de
1328 2519 1448 2586 honore
1468 2523 1672 2588 Gloucestrie
1698 2529 1785 2588 certa

282 2615 385 2674 terras
397 2616 432 2674 et
446 2615 636 2676 tenemento
649 2613 685 2674 in
700 2613 922 2690 Wrrrnnnssr,
938 2632 1001 2698 que
1027 2631 1133 2698 nuper
1156 2613 1290 2678 luerunt
1304 2609 1454 2675 Nioholai
1468 2611 1510 2674 de
1526 2609 1645 2675 Sancto
1659 2610 1783 2689 Mauro,

283 2716 341 2781 per
354 2698 525 2763 servicium
541 2699 588 2765 di.
604 2699 628 2765 f.
645 2720 699 2763 un.
715 2721 761 2766 ιιι.

324 2858 491 2924 Johannes
506 2860 596 2925 Lisle
610 2865 703 2926 tenet
719 2861 901 2925 inmediate
915 2861 956 2925 de
970 2860 1135 2926 abbatissa
1149 2858 1322 2926 Shaltonie
1334 2865 1425 2926 certa
1438 2863 1539 2926 terras
1552 2866 1586 2925 et
1601 2865 1788 2926 tenemento

280 2966 318 3099 pn
320 2946 503 3102 11Ιίιοιιιιίιιιιι,
519 2969 579 3032 que
594 2968 699 3032 nuper
713 2950 846 3012 fuerunt
859 2948 1034 3012 histrami
1048 2949 1089 3012 de
1104 2947 1248 3032 Hamyll,
1265 2967 1322 3032 per
1347 2947 1520 3013 servicium
1543 2953 1659 3034 quarte
1683 2948 1785 3032 partis

324 3193 418 3259 Prior
432 3197 473 3259 de
487 3195 628 3282 Farlegh
644 3202 735 3261 tenet
748 3197 932 3262 immediate
947 3197 988 3261 de
1002 3197 1124 3261 ducatu
1140 3195 1327 3261 Lancastrie
1337 3201 1427 3262 certa
1438 3202 1541 3262 terras
1550 3201 1585 3260 et
1595 3201 1785 3262 tenemento
1857 3189 1862 3197 “

279 3282 316 3345 in
332 3283 441 3349 Psnvn
454 3283 592 3352 Bnurorr
607 3286 642 3365 in
657 3304 772 3368 puram
787 3283 1010 3366 elemosinam,
1026 3305 1085 3368 per
1107 3284 1279 3350 servicium
1301 3304 1357 3350 un.
1374 3283 1398 3350 f.
1414 3303 1460 3351 m.
1475 3305 1532 3369 pru
1546 3283 1663 3369 quibus
1686 3283 1785 3349 solvit

281 3370 424 3435 decimas
438 3372 568 3457 quando
582 3372 706 3436 decime
720 3377 866 3437 currunt.

323 3531 495 3598 Abbatissa
509 3533 680 3599 Shnstouie
694 3539 790 3599 tenet
803 3534 986 3599 inmediate
1000 3533 1042 3598 de
1067 3534 1200 3600 domino
1222 3555 1302 3621 rege
1326 3535 1508 3600 manerium
1524 3532 1565 3599 de
1579 3534 1782 3605 annnroan

281 3619 315 3681 in
346 3640 461 3703 purum
491 3621 704 3686 elemosinam
733 3642 792 3706 per
822 3623 992 3687 servicium
1023 3655 1293 3704 -—-—,
1324 3642 1381 3706 pro
1418 3643 1482 3708 quo
1511 3621 1607 3686 solvit
1638 3623 1782 3687 decimus

279 3707 407 3790 quaudo
420 3707 544 3772 decime
559 3713 705 3774 currunt.

324 3867 447 3933 Dicunt
480 3871 582 3934 eciam
616 3869 756 3955 predicti
780 3869 944 3955 juratores
969 3869 1055 3958 quod
1080 3870 1168 3935 nulle
1192 3877 1269 3934 sunt
1292 3871 1355 3937 alie
1382 3892 1515 3955 persone
1542 3873 1608 3936 sive
1634 3877 1782 3936 tenentes

280 3957 364 4019 infra
393 3956 598 4021 hundredum
629 3958 813 4040 predictum
840 3959 948 4022 seisite
978 3961 1012 4021 iu
1043 3958 1204 4022 dominico
1234 3978 1291 4021 suo
1320 3959 1501 4023 inmediate
1538 3965 1577 4022 ut
1605 3958 1646 4023 de
1683 3959 1781 4024 libero

279 4049 475 4122 tenemento,
490 4043 576 4107 uude
598 4044 698 4108 iidem
721 4065 853 4128 persone
878 4047 946 4109 sive
970 4051 1121 4110 tenentes
1146 4047 1382 4129 possessionate
1406 4047 1561 4125 existunt,
1584 4067 1647 4127 que
1669 4052 1782 4111 tenent

280 4151 337 4214 per
349 4132 517 4222 integrum
533 4132 556 4199 f.
572 4153 617 4199 m.
633 4132 773 4197 mediate
788 4132 924 4202 terciam
939 4132 992 4199 vel
1006 4137 1155 4220 quartam
1169 4139 1298 4216 purtem
1313 4153 1368 4198 un.
1384 4133 1408 4200 t.
1425 4154 1472 4201 m.
1487 4134 1658 4201 inclusive.

321 4290 362 4357 In
377 4291 471 4378 cujus
485 4292 530 4358 rei
546 4293 774 4360 testimonium
790 4299 855 4363 cto.

806 4651 1029 4720 Hunoanuusr
1052 4670 1095 4718 nn
1119 4647 1278 4719 GALNE.
1341 4667 1344 4671 ·

321 4807 501 4898 Inquisicio
523 4817 620 4895 capta
642 4813 728 4897 apud
754 4811 991 4898 chippenhnm,
1014 4813 1069 4878 dic
1094 4812 1210 4876 Martis
1240 4811 1387 4897 proximo
1416 4814 1491 4894 post
1518 4809 1640 4874 festum
1664 4807 1778 4874 &noti

278 4901 438 4981 Bernaba
454 4900 612 4984 Apostoli,
627 4919 713 4962 anuo
735 4902 829 4985 regni
854 4903 941 4984 regis
965 4901 1104 4965 Henrici
1128 4902 1211 4965 sexti
1236 4905 1308 4984 post
1327 4903 1540 4983 conquestum
1554 4901 1654 4975 sexto,
1670 4915 1778 4960 corum

276 4986 427 5051 Johnnue
452 4987 554 5073 Payu,
579 4986 721 5051 Roberto
745 4986 853 5072 Erley,
879 4986 1029 5053 Johanne
1056 4986 1189 5070 Stnrmy
1214 4986 1255 5050 de
1279 4985 1429 5064 Axesord,
1454 4983 1606 5049 Johanne
1626 4982 1713 5068 Bryd
1735 4983 1777 5047 de

276 5073 494 5158 Marlcburgh,
509 5074 652 5138 Henrioo
675 5073 842 5157 Bradeley,
858 5075 880 5141 J
880 5071 1007 5139 ohanne
1034 5074 1168 5156 Sturmy
1182 5073 1223 5137 de
1238 5070 1494 5150 Waohcnesleld,
1509 5069 1532 5134 J
1533 5068 1659 5134 ohanne
1672 5067 1775 5154 Buye,

276 5159 440 5224 Willelmo
455 5159 540 5224 Lord
554 5160 595 5224 de
609 5159 700 5225 Nova
715 5160 896 5226 Sarisburia
910 5170 944 5228 et
958 5161 1109 5226 Johanne
1124 5159 1316 5224 Mountford
1330 5159 1371 5223 de
1386 5158 1454 5243 Lyc
1479 5159 1573 5245 juxte
1588 5153 1774 5240 Westbury,

275 5246 501 5312 collectoribus
523 5247 661 5312 subsidii
682 5247 806 5313 domini
831 5250 916 5334 regis
941 5251 975 5313 iu
999 5250 1160 5313 comitatu
1174 5247 1291 5312 Wiltes
1305 5248 1339 5310 in
1356 5245 1475 5310 ultimo
1490 5243 1703 5330 parliamento
1717 5262 1775 5308 suo

275 5338 370 5397 tento
398 5334 486 5418 apud
515 5334 841 5400 westmonasterium
871 5339 905 5400 in
935 5337 1104 5420 quindend
1131 5335 1245 5400 Sancti
1276 5331 1445 5398 Michaelis
1476 5331 1594 5397 ultimo
1621 5331 1777 5415 preterita
