4092 6117
950 531 1033 598 Al).
1059 534 1153 598 1428.
1735 532 1798 601 279

334 817 441 881 Abbas
464 817 507 880 de
531 816 742 901 Teukesbury
768 822 860 881 tenet
885 818 1078 898 inmediate,
1104 818 1145 881 de
1174 838 1238 900 quo
1253 818 1302 880 vel
1325 817 1366 881 de
1387 819 1507 901 quibus
1528 819 1693 901 ignorant,
1710 821 1798 879 certa

290 910 391 968 terras
405 911 440 969 et
454 911 643 969 tenementa
667 905 702 967 in
725 905 819 972 Ovua
833 905 999 972 Woasnon
1024 906 1059 968 in
1087 925 1203 988 puram
1226 905 1449 984 elemosinam,
1475 925 1534 989 pro
1558 905 1676 987 quibus
1702 903 1798 966 solvit

291 992 443 1069 decimas,
457 993 587 1076 quando
602 992 728 1055 decime
744 999 891 1058 sumunt.

332 1117 507 1182 Abbatissa
529 1118 570 1181 de
595 1117 702 1182 Lacok
731 1123 826 1183 tenet
856 1119 1046 1197 inmediate,
1073 1118 1113 1182 de
1140 1139 1204 1204 quo
1229 1118 1279 1182 vel
1305 1119 1345 1181 de
1373 1119 1492 1202 quibus
1518 1120 1682 1202 ignorant,
1708 1120 1798 1180 certa

179 1248 186 1255 -
289 1211 390 1270 terras
406 1211 440 1269 et
455 1210 644 1269 tenementa
658 1207 695 1269 in
710 1206 971 1284 Wvununscosn‚
994 1227 1057 1290 que
1084 1227 1188 1289 nuper
1215 1207 1351 1270 fuerunt
1376 1206 1539 1270 abbatisse
1565 1207 1605 1268 de
1633 1203 1740 1268 Lacolr
1763 1210 1797 1268 et

289 1292 378 1357 Petri
406 1293 514 1444 lt31uet,
532 1293 567 1356 in
594 1314 708 1377 puram
734 1294 957 1373 elemosinam,
984 1315 1042 1378 pro
1069 1294 1187 1378 quibus
1211 1295 1313 1357 solvit
1339 1294 1494 1370 decimas,
1521 1293 1648 1377 quando
1674 1292 1797 1356 decime

289 1400 409 1444 currun
428 1428 437 1445 .
1222 1401 1224 1406 ’

331 1494 493 1557 Robertus
509 1492 735 1572 Shotesbrook,
748 1494 855 1572 miles,
870 1500 963 1558 tenet
978 1493 1161 1558 inmediate
1177 1494 1217 1557 de
1232 1493 1366 1556 domino
1381 1514 1456 1576 rege
1472 1493 1525 1558 i.o.
1542 1498 1631 1556 certa
1646 1497 1749 1556 terras
1763 1496 1797 1555 et

288 1586 475 1734 tlepepnellnta
502 1581 536 1644 in
568 1582 761 1660 Lrnuvuan,
788 1603 852 1666 que
881 1601 987 1666 nuper
1016 1582 1150 1645 fuerunt
1182 1580 1320 1716 Gerardi
1351 1581 1390 1643 de
1421 1580 1509 1664 Lyle,
1540 1602 1596 1663 per
1625 1580 1796 1643 servicium

332 1781 490 1845 Robertus
503 1779 641 1844 Andrevv
654 1745 749 1845 tenet
762 1781 944 1844 immediate
958 1782 1000 1845 de
1016 1782 1098 1845 duce
1117 1781 1263 1860 Eboraci,
1280 1784 1368 1844 certa
1391 1785 1493 1844 terras
1507 1787 1541 1844 et
1557 1783 1747 1844 tenementa
1761 1779 1795 1841 in

288 1869 523 2020 Eddssffidni’
536 1889 610 2020 ἓιιὲ
626 1889 728 1952 nuper
751 1868 885 1932 fuerunt
913 1869 1089 1954 Margerie,
1113 1889 1175 1952 que
1202 1866 1268 1932 fuit
1293 1889 1374 1931 uxor
1400 1868 1535 1932 Roberti
1551 1867 1612 1930 filii
1628 1867 1713 1947 Elis,
1739 1887 1797 1950 per

331 2066 524 2148 Willelmus,
550 2067 704 2131 dominus
728 2069 768 2132 de
796 2069 918 2146 Lovell,
945 2074 1037 2132 tenet
1062 2069 1244 2132 inmediate
1272 2068 1312 2131 de
1343 2068 1493 2131 Johanne
1526 2067 1660 2145 Fastolf,
1688 2071 1725 2129 ut
1756 2067 1795 2129 de

288 2158 430 2219 manerio
456 2175 514 2221 suo
539 2156 579 2218 de
603 2154 836 2232 Castelcombe,
859 2162 947 2219 certa
971 2165 1072 2220 terras
1096 2162 1130 2218 et
1153 2161 1344 2220 tenemento
1359 2157 1394 2218 in
1413 2156 1594 2232 Snnrusnv,
1611 2175 1674 2237 que
1690 2174 1796 2237 nuper

287 2244 418 2307 fuerunt
433 2242 597 2305 Edmundi
618 2243 754 2306 Everard
768 2258 802 2307 et
817 2244 945 2306 abbatis
960 2245 998 2308 de
1016 2241 1187 2327 Stanlegh,
1202 2263 1259 2328 per
1274 2240 1448 2307 servicium
1464 2262 1521 2306 un.
1537 2241 1562 2305 f.
1578 2264 1623 2307 m.

333 2372 489 2435 Ricardus
513 2372 636 2435 Dixton
659 2378 751 2435 tenet
779 2372 957 2436 inmediate
981 2373 1021 2436 de
1047 2373 1177 2455 prefato
1203 2371 1364 2452 Johannc,
1379 2377 1419 2436 ut
1443 2373 1484 2436 de
1509 2373 1653 2435 manerio
1681 2392 1739 2435 suo
1754 2373 1794 2434 de

288 2458 520 2538 Gasteloombe,
535 2465 624 2523 certa
638 2465 742 2522 terras
757 2467 791 2523 et
807 2465 998 2523 tenementa
1013 2461 1047 2521 in
1066 2460 1303 2540 Quaererem,
1316 2481 1378 2544 que
1393 2481 1497 2542 nuper
1512 2462 1645 2522 fuerunt
1661 2458 1793 2522 llobsrti

287 2547 412 2610 Russell
428 2553 463 2610 et
478 2548 593 2630 prioris
608 2547 655 2610 de‘
665 2546 810 2625 Wotton,
824 2567 880 2630 per
895 2548 1069 2610 servicium
1086 2547 1131 2610 di.
1149 2547 1172 2610 f.
1190 2567 1235 2611 m.

329 2684 472 2749 Thomas
487 2684 621 2765 Broolre,
631 2685 734 2763 miles,
745 2692 838 2749 tenet
853 2684 1032 2749 inmediate
1045 2685 1086 2749 de
1096 2685 1117 2748 J
1119 2685 1257 2763 ohanna,
1270 2687 1383 2772 regina
1399 2686 1528 2772 Anglie,
1543 2692 1581 2750 ut
1592 2687 1633 2750 de
1649 2688 1793 2750 manerio

287 2793 345 2837 suo
358 2773 399 2836 de
416 2772 618 2854 Hampstede
632 2772 792 2856 predicte,
807 2780 898 2835 certa
921 2780 1025 2836 terras
1051 2780 1083 2836 et
1110 2779 1301 2836 tenementa
1316 2776 1350 2836 in
1367 2775 1596 2852 Brnuuuonna,
1612 2794 1675 2858 que
1690 2794 1794 2858 nuper

286 2860 420 2924 fuerunt
432 2858 593 2923 Johannis
607 2860 648 2923 de
663 2858 821 2937 Cobhem,
835 2880 893 2942 per
908 2860 1082 2923 servicium
1097 2881 1152 2924 uu.
1170 2859 1193 2924 i.
1208 2883 1254 2925 m.

330 2996 501 3072 Walterus,
529 2996 682 3059 dominus
711 2995 932 3080 Hungeriord‚
962 3007 997 3060 et
1027 2998 1126 3060 ceteri
1164 2996 1350 3060 feoffatores
1387 2998 1479 3061 ducis
1510 2997 1645 3061 Eboraci
1678 3003 1795 3062 tenent

285 3085 475 3162 inmediate,
491 3083 532 3146 de
556 3104 621 3168 quo
646 3083 697 3146 vel
719 3085 760 3146 de
785 3085 904 3168 quibus
928 3085 1091 3169 ignorant,
1107 3089 1196 3148 certa
1220 3093 1321 3148 terras
1337 3090 1371 3148 et
1387 3092 1581 3148 tenementa
1596 3085 1630 3147 in
1647 3085 1792 3152 Worsou

285 3173 422 3249 Bessan,
439 3191 502 3256 que
516 3191 619 3253 nuper
632 3171 767 3234 fuerunt
781 3170 929 3247 lsabelle,
942 3173 1055 3254 regine
1070 3173 1201 3256 Anglie,
1218 3193 1275 3256 per
1290 3173 1466 3237 servicium
1482 3193 1538 3237 un.
1555 3173 1578 3237 f.
1594 3194 1640 3239 m.

328 3310 421 3373 Prior
445 3309 487 3372 de
512 3307 751 3371 Bradenestoke
778 3311 869 3370 tenet
895 3309 931 3371 in
955 3309 1024 3373 Ean
1051 3286 1236 3374 Hsnvurou
1263 3315 1353 3372 certa
1378 3317 1483 3373 terras
1499 3315 1533 3373 et
1548 3315 1740 3373 tenementa
1755 3311 1791 3372 in

286 3418 400 3483 puram
416 3395 637 3472 elemosinam,
654 3415 711 3476 pro
726 3395 843 3478 quibus
858 3395 956 3459 solvit
971 3397 1125 3474 decimas,
1142 3397 1273 3479 quando
1289 3397 1414 3460 decime
1429 3403 1577 3462 currunt.

329 3534 492 3599 Johannes
517 3530 703 3595 Monntlort
725 3538 818 3595 tenet
843 3532 1023 3597 inmediate
1050 3535 1090 3597 de
1116 3537 1236 3598 honore
1251 3534 1293 3597 de
1309 3532 1522 3620 Walyngiord
1537 3541 1626 3599 certa
1640 3545 1743 3600 terras
1758 3545 1794 3601 et

286 3626 476 3775 heinesmglnta
498 3621 534 3682 in
559 3620 733 3698 Wsncorn,
758 3640 821 3703 que
845 3639 950 3704 nuper
973 3621 1109 3685 inerunt
1135 3621 1256 3685 Edithe
1280 3619 1503 3704 Sharpenham
1530 3643 1588 3706 per
1618 3626 1791 3688 servicium

329 3823 420 3886 Prior
444 3820 557 3885 Sancti
580 3817 732 3882 Svithini
757 3824 851 3883 tenet
873 3826 961 3885 certa
983 3829 1085 3885 terras
1107 3828 1141 3886 et
1161 3827 1354 3886 tenementa
1368 3823 1401 3885 in
1421 3824 1561 3888 Narnia
1575 3824 1742 3890 Waonrou
1759 3825 1793 3888 in

287 3931 401 3996 puram
415 3908 638 3984 elemosinam,
652 3927 709 3990 pro
724 3906 844 3989 quibus
858 3908 957 3973 solvit
972 3908 1128 3989 decimas,
1146 3909 1274 3995 quando
1289 3909 1415 3973 decime
1431 3917 1576 3974 currunt.

328 4049 494 4116 Johannes
508 4047 658 4131 Beynton
681 4043 803 4132 [tenet]
824 4045 1004 4109 inmediate
1019 4044 1060 4108 de
1087 4045 1193 4129 priore
1215 4045 1327 4110 Sancti
1352 4043 1506 4110 swithini
1528 4051 1616 4110 certe
1640 4053 1743 4110 terras
1760 4056 1794 4110 et

287 4142 475 4205 tenemento
499 4137 534 4198 in
559 4134 701 4200 Nurrms
723 4133 902 4211 Waosrou,
926 4153 988 4216 que
1012 4153 1119 4216 nuper
1144 4133 1277 4196 fuerunt
1305 4132 1438 4197 Roberti
1465 4133 1505 4197 de
1532 4133 1720 4208 Horevode,
1736 4155 1794 4217 per

287 4227 462 4293 servicium
475 4229 590 4307 quarte
606 4222 711 4305 partis
725 4241 781 4285 uu.
797 4220 820 4284 f.
836 4242 881 4287 m.
930 4221 1115 4298 (Cancelled
1131 4225 1151 4252 “
1161 4223 1238 4303 quia
1254 4221 1289 4283 in
1304 4221 1471 4284 hundredo
1486 4221 1527 4284 de
1542 4220 1760 4299 Elestubbe.’')

327 4361 526 4437 Willelmns,
540 4359 693 4422 dominus
710 4355 767 4507 [lde
784 4354 899 4443 Lovel]
910 4408 918 4436 ,
931 4363 1024 4420 tenet
1040 4357 1226 4421 inmediate
1242 4359 1282 4420 de
1298 4357 1421 4421 Thoma
1436 4358 1553 4437 Broke‚
1567 4358 1687 4438 milite,
1700 4365 1739 4421 ut
1753 4361 1792 4422 de

285 4451 430 4518 manerio
444 4468 502 4512 suo
516 4446 558 4509 de
574 4444 722 4509 Bienlrno
736 4445 777 4523 le,
793 4450 883 4508 certa
907 4452 1009 4507 terras
1034 4449 1069 4508 et
1096 4450 1288 4508 tenementa
1313 4448 1348 4509 in
1365 4447 1593 4526 Musunnnou,
1611 4467 1675 4531 que
1690 4467 1793 4530 nuper

284 4541 419 4606 inerunt
432 4534 571 4599 Walteri
584 4533 626 4596 de
641 4531 792 4616 Paveley,
807 4553 866 4617 per
880 4533 1058 4595 servicium
1075 4539 1191 4615 quarte
1215 4530 1333 4618 [partis
1349 4553 1403 4598 un.
1420 4535 1442 4596 f.
1458 4531 1538 4620 m.].

329 4665 424 4728 Idem
438 4659 592 4723 dominus
608 4657 647 4720 de
663 4656 775 4720 Lovell
797 4662 890 4721 tenet
914 4657 1108 4734 inmediate,
1123 4658 1165 4720 de
1189 4678 1253 4741 quo
1270 4659 1320 4721 vel
1337 4658 1377 4722 de
1392 4659 1510 4743 quibus
1524 4661 1688 4742 ignorent,
1703 4667 1792 4724 certa

285 4761 385 4819 terras
400 4755 435 4815 et
449 4750 638 4812 tenementa
651 4746 688 4808 in
703 4746 964 4823 Wrannuscosu,
980 4765 1038 4829 per
1053 4745 1230 4807 servicium
1246 4755 1360 4829 quarte
1375 4747 1476 4830 partis
1491 4767 1547 4812 un.
1564 4748 1586 4810 f.
1603 4769 1648 4812 m.

328 4892 452 4955 Dicunt
476 4887 581 4948 eciam
604 4929 836 4946 .....
860 4882 929 4945 sive
953 4885 1104 4944 tenentes
1128 4881 1215 4944 infra
1237 4880 1408 4946 hundreda
1438 4883 1585 4965 predicta
1615 4883 1725 4947 seisite
1755 4887 1790 4948 in

287 4977 450 5047 dominioo
486 4991 544 5035 suo
572 4970 763 5046 inmediate,
792 4975 831 5031 ut
861 4969 901 5032 de
929 4969 1030 5033 libero
1058 4974 1259 5047 tenemento,
1288 4971 1373 5034 unde
1403 4969 1514 5034 eedem
1544 4990 1691 5054 persone,
1721 4973 1788 5034 sive

287 5071 447 5139 tenentes,
473 5057 705 5143 possessionate
728 5057 875 5134 existunt
898 5058 955 5138 qui
978 5060 1096 5120 teuent
1120 5057 1300 5122 inmediate
1323 5106 1606 5123 ......
1630 5078 1686 5124 un.
1703 5059 1727 5122 f.
1745 5081 1790 5124 m.

287 5152 456 5220 inclusive.

334 5265 376 5329 ln
390 5262 484 5347 cujus
496 5259 545 5322 rei
557 5257 783 5322 testimonium
798 5261 861 5320 ete.

1092 5385 1290 5396 ..-—--——-
