4092 6117
286 536 350 669 tlt
904 545 1178 666 wintonien.

331 840 492 906 Henrieus
520 841 561 906 de
590 841 687 926 Lecy,
711 863 819 907 comes
848 844 1039 928 Lyncolnie,
1069 848 1190 925 tenuit,
1218 848 1312 911 annis
1340 849 1510 932 predictis,
1540 869 1596 913 un.
1627 847 1647 909 f.
1682 869 1728 912 m.
1760 847 1794 909 in

287 927 730 1009 Hsonnsswrnrnnnonnss,
746 930 833 1016 qnod
847 951 936 995 nnnc
949 937 1044 998 tenet
1057 951 1167 997 comes
1185 934 1352 998 warenne.

331 1063 475 1178 dndreas
500 1091 540 1156 ds
566 1090 762 1177 Grymstede
787 1094 911 1176 tenuit,
936 1097 1032 1160 annis
1064 1095 1234 1180 predictis,
1255 1102 1291 1159 et
1313 1092 1421 1177 adbrm
1447 1100 1548 1174 tenet,
1574 1115 1631 1160 un.
1647 1095 1670 1161 t.
1686 1117 1733 1161 m.
1759 1096 1796 1158 in

287 1177 492 1245 Gnrnsrsun
507 1185 543 1242 et
557 1180 821 1246 Anwsnnnsunr.

329 1341 496 1407 Johcnnes
524 1343 565 1407 de
594 1343 745 1430 Ingbam,
774 1350 809 1409 st
840 1345 1042 1431 Reginaldus
1072 1347 1113 1411 de
1143 1344 1263 1410 Sancto
1292 1345 1449 1425 Mertino,
1478 1349 1670 1426 tenuerunt,
1700 1347 1796 1410 annis

285 1429 451 1513 predictis,
468 1431 587 1498 Dnonn
611 1437 649 1496 'et
665 1431 880 1511 coruscans,
908 1455 982 1496 cum
1007 1433 1083 1498 eliis
1104 1433 1272 1512 membris,
1299 1455 1359 1519 per
1384 1433 1563 1514 baroniam,
1592 1454 1649 1518 pro
1669 1434 1796 1498 duobus

285 1519 309 1583 f.
325 1538 371 1583 m.
385 1538 485 1602 quam
510 1520 606 1583 modo
633 1525 752 1584 tenent
773 1521 944 1605 episcopus
967 1521 1178 1602 Exoniensis,
1193 1525 1226 1585 et
1251 1522 1405 1586 dominus
1427 1543 1494 1602 rex,
1507 1523 1636 1586 racione
1661 1521 1796 1584 minoris

285 1605 384 1670 etatis
399 1605 573 1670 Laurencii
587 1605 628 1670 de
643 1605 763 1672 Sancto
779 1605 933 1672 Martino.

328 1769 490 1836 Hernicus
505 1768 630 1853 Heyrss
644 1769 765 1849 tenuit,
781 1770 877 1834 annis
891 1770 1058 1855 predictis,
1075 1771 1276 1835 tricesimam
1303 1776 1432 1856 partem
1448 1792 1504 1836 un.
1521 1771 1544 1836 f.
1561 1771 1596 1834 in
1613 1772 1793 1840 Anwsnuu·

284 1877 381 1936 suar,
395 1875 493 1941 quam
509 1877 597 1922 nnnc
612 1860 707 1921 tenet
719 1855 881 1922 Ricardns
894 1857 926 1922 le
940 1858 1077 1941 Hayras.

326 2021 347 2084 J
349 2018 492 2085 ohannes
507 2020 547 2085 de
562 2018 770 2085 Gromewelle
784 2022 909 2099 tenuit,
923 2023 1019 2086 annis
1045 2021 1214 2106 predictis,
1228 2027 1263 2086 et
1277 2019 1385 2085 adhuc
1400 2026 1493 2087 tenet
1509 2021 1793 2107 quadragesimam

283 2113 409 2192 portem
425 2128 480 2174 nn.
496 2107 521 2173 t.
537 2107 573 2172 in
588 2108 862 2189 Wrunsnsnswn,
878 2109 920 2173 de
935 2110 1064 2175 comite*
1075 2109 1251 2189 Oomubie,
1268 2119 1302 2172 et
1319 2128 1406 2173 nunc
1421 2109 1461 2173 de
1476 2129 1563 2194 rege.

284 2259 484 2418 CRicurdus
512 2260 553 2325 de
583 2235 777 2359 Testewode
800 2260 922 2342 tenuit,
952 2261 1049 2324 annis
1079 2259 1247 2344 predictis,
1279 2264 1311 2324 et
1343 2258 1450 2324 adhuc
1481 2267 1585 2338 tenet,
1616 2259 1662 2325 di.
1693 2259 1716 2326 f.
1755 2261 1789 2323 in

311 2369 535 2416 ounssrsnue.

325 2489 368 2553 Iu
381 2487 475 2573 cujus
488 2487 535 2552 rei
550 2488 780 2553 testimoninm
797 2491 860 2552 etc.

285 2612 289 2619 Ι
325 2637 422 2716 Date,
436 2637 491 2702 die
504 2644 541 2702 et
554 2657 640 2744 anno
654 2635 860 2721 supradictis.

280 2940 290 3023 ζ
364 2928 669 3018 [WESTBURth
691 2927 1013 3007 WERMINSTRE,
1038 2926 1484 3016 fluasuREDEBURth]
1514 2952 1555 2995 ur
1577 2929 1719 2998 MEBE.

327 3068 506 3154 Inquisicio
528 3075 625 3153 capta
648 3066 735 3152 apud
751 3066 862 3130 Werm
907 3062 1007 3152 stre],
1031 3065 1064 3128 in
1092 3066 1234 3130 crastino
1259 3065 1448 3145 Trinitatis,
1472 3088 1557 3133 anno
1585 3071 1678 3152 regni
1704 3072 1790 3155 regis

281 3156 432 3222 Edwardi
461 3155 523 3218 filii
553 3155 640 3240 regis
670 3154 807 3217 Henrici
837 3157 909 3231 (ew)
935 3153 1079 3236 septimo
1108 3153 1250 3233 decimo,
1274 3175 1381 3218 coram
1407 3153 1556 3218 Johaune
1585 3155 1617 3219 le
1648 3155 1727 3236 Rus,
1752 3162 1789 3222 et

281 3242 431 3310 Johnnne
456 3241 545 3327 'l'urp
567 3262 601 3321 n,
627 3240 852 3305 collectoribus
878 3245 970 3304 scuta
998 3241 1020 3304 'i
1047 3239 1174 3305 domini
1200 3243 1285 3327 regis
1308 3241 1343 3304 in
1375 3243 1537 3306 comitutu
1566 3243 1701 3326 Wyltes‚
1731 3265 1789 3327 per

277 3336 517 3397 sacramentum
598 3328 684 3394 berti
714 3327 858 3414 Sueting
892 3327 946 3407 (t),
998 3325 1139 3392 ohannis
1168 3325 1322 3408 Bernsrd,
1349 3327 1482 3393 Ricardi
1516 3330 1556 3394 de
1594 3331 1790 3416 langeford,

278 3417 428 3503 Philippi
443 3415 523 3495 Oolr,
543 3415 703 3481 Jobsnnis
726 3414 884 3500 Drorreys,
907 3413 1043 3479 Redulti'
1059 3413 1220 3500 Delerrsy,
1237 3411 1374 3479 Walteri
1391 3415 1544 3500 Luddnk,
1562 3415 1734 3482 Eustachii
1748 3419 1789 3482 de

277 3504 414 3586 Bnrton,
444 3503 605 3570 Jobennie
630 3503 671 3567 de
699 3503 839 3582 Inmere,
866 3501 1028 3566 Willelmi
1052 3503 1092 3568 de
1117 3503 1197 3587 Irya,
1210 3501 1345 3588 ‘Rogeri
1369 3504 1410 3568 de
1440 3504 1568 3587 Uptun,
1593 3512 1628 3568 et
1652 3505 1787 3570 Roberti

277 3593 437 3680 Reynuld,
451 3594 508 3677 qni
523 3592 640 3657 dicunt
655 3611 712 3676 per
726 3597 968 3656 sacramentnm
983 3609 1091 3669 sunm,
1106 3592 1193 3674 quod
1203 3614 1257 3654 :-

265 3739 268 3744 ¹
323 3783 486 3847 Walterua
501 3783 541 3847 de
556 3781 679 3867 Pasdy
693 3781 802 3845 tenuit
819 3780 860 3846 de
874 3780 1007 3844 domino
1022 3799 1098 3866 rege
1112 3781 1166 3846 i.c.
1181 3800 1267 3844 anno
1282 3783 1378 3866 regni
1393 3781 1480 3867 regis
1503 3782 1665 3862 Edwardi,
1682 3783 1787 3868 patris

276 3871 363 3957 regis
377 3891 477 3948 nune,
492 3868 603 3956 xxviij.
619 3868 707 3954 xxxj.
722 3875 758 3932 et
772 3866 911 3954 xxxiiije
930 3885 987 3932 nn.
1004 3867 1028 3931 t.
1044 3887 1090 3933 m.
1107 3869 1142 3932 in
1157 3867 1346 3936 Wnsnsusr
1357 3874 1393 3932 et
1407 3869 1538 3948 Baonn,
1547 3875 1582 3933 et
1595 3887 1682 3934 nuno
1697 3877 1788 3934 tenet

276 3958 480 4046 Reginaldus
495 3955 630 4050 Pavely,
643 3955 732 4020 filius
746 3962 781 4020 et
795 3953 889 4019 heres
902 3955 1059 4042 ejusdem.

276 4096 478 4254 BBioerdus
501 4094 612 4179 Dnnsy
637 4094 747 4159 tenuit
773 4095 871 4160 annis
895 4092 1067 4178 predictis,
1089 4089 1124 4156 et
1147 4091 1254 4158 adhue
1283 4098 1389 4172 tenet,
1415 4094 1460 4159 di.
1476 4093 1500 4158 f.
1526 4095 1560 4158 in
1586 4093 1723 4161 Dounon
1755 4102 1789 4160 et
1865 4190 1870 4198 Ι

306 4204 442 4252 serron.

319 4319 471 4384 Warinns
486 4317 643 4382 Mendnit
661 4317 773 4392 tenuit
794 4315 822 4400 j.
838 4317 862 4382 f.
880 4337 926 4382 m.
944 4316 979 4379 in
994 4316 1234 4384 Wnnnussrns
1250 4321 1287 4380 et
1301 4315 1492 4383 Wssrsunn
1506 4317 1547 4380 de
1562 4317 1695 4381 domino
1709 4338 1787 4403 rege

274 4408 328 4472 i.c.
344 4404 561 4491 mcxxviii·
581 4423 668 4469 anno
682 4404 773 4489 xxxj⁰
794 4410 829 4467 et
849 4402 1007 4488 xxxiiij⁸⁰;
1031 4404 1096 4469 tuit
1119 4407 1155 4469 in
1179 4423 1297 4468 manns
1311 4403 1437 4468 domini
1454 4405 1541 4486 regis
1567 4425 1624 4488 per
1646 4411 1785 4470 mortem

274 4495 356 4560 dicti
381 4493 517 4574 warini,
541 4499 578 4558 et
600 4510 714 4556 omnes
740 4499 895 4557 tenentes
918 4491 1068 4576 ejusdem
1097 4491 1237 4556 manerii
1261 4497 1379 4557 tenent
1400 4511 1515 4556 omnes
1540 4496 1731 4558 tenemento
1753 4499 1789 4557 et

273 4586 375 4647 terras
389 4581 426 4645 in
441 4581 620 4666 socnginm.

316 4719 487 4784 Abbatissa
516 4716 683 4782 Shsftonie
719 4717 838 4795 tenuit,
866 4715 960 4780 annis
998 4716 1165 4801 predictis,
1192 4722 1228 4780 et
1263 4713 1370 4780 adhuc
1400 4720 1501 4797 tenet,
1532 4717 1713 4782 manerium
1744 4719 1784 4783 de

273 4807 456 4874 Donunrou
472 4806 513 4871 de
527 4801 659 4869 domino
673 4823 748 4888 rege
763 4805 817 4869 i.c.
833 4805 999 4888 pertinens
1013 4804 1055 4867 ad
1069 4803 1235 4868 baroniam
1250 4825 1342 4867 suam
1359 4801 1540 4873 Shaitonic.

315 4946 474 5010 Priorissa
499 4944 539 5008 de
565 4939 723 5027 Stodlegb
754 4943 864 5006 tenuit
891 4944 987 5006 annis
1018 4938 1206 5030 [predictis]
1238 4947 1270 5006 et
1302 4942 1408 5005 adhuc
1431 4946 1523 5007 tenet
1549 4942 1594 5006 di.
1620 4943 1644 5006 f.
1672 4963 1718 5008 m.
1747 4943 1782 5006 in

274 5035 452 5103 Cossum
466 5033 507 5096 de
520 5031 654 5096 domino
668 5049 746 5116 rege
761 5031 813 5094 i.c.

314 5169 479 5236 Johannes
504 5170 544 5234 de
570 5169 602 5234 la
626 5169 719 5232 Mure
745 5168 866 5246 tenuit,
879 5167 975 5232 annis
997 5167 1165 5253 predictis,
1181 5167 1222 5232 de
1237 5167 1370 5232 domino
1385 5187 1463 5252 rege
1477 5169 1531 5234 i.o.
1547 5166 1727 5232 manerium
1743 5167 1784 5232 de

271 5253 595 5345 Hsassrasuua[r],
611 5256 781 5341 pertinens
806 5255 848 5319 ed
871 5255 1039 5320 baroniam
1063 5255 1103 5320 de
1129 5253 1362 5333 Castelcombe,
1388 5261 1421 5320 et
1449 5270 1536 5319 nunc
1559 5261 1652 5320 tenet
1674 5275 1783 5320 comes

271 5347 457 5432 wyntonie,
472 5365 514 5410 ex
527 5346 613 5409 dono
628 5345 726 5428 regis.
