4092 6117
278 557 341 634 'aar
893 537 1167 642 withamia.

295 831 298 834 ⁴
321 859 497 926 Edwardur
510 861 615 927 (ierne
628 869 723 928 tenet
736 864 776 929 de
789 864 879 928 dicto
894 862 1027 928 domino
1042 885 1119 950 rege
1133 867 1186 934 ic.
1202 866 1272 930 sine
1287 867 1396 930 medio
1410 867 1457 933 di.
1467 868 1491 933 f.
1502 889 1547 934 m.
1560 867 1595 930 in
1611 868 1787 936 Durrcoru

279 949 405 1029 Cannu,
421 949 507 1014 infra
521 948 728 1015 hundredum
744 952 941 1035 predictum.

320 1085 365 1148 Et
378 1084 495 1151 dicunt
509 1087 656 1167 ulterius,
672 1084 759 1176 quod
785 1110 851 1154 non
875 1095 952 1154 aunt
978 1090 1072 1175 plura
1095 1093 1191 1170 terre,
1203 1111 1263 1155 nec
1287 1096 1492 1172 tenemeuta,
1515 1095 1609 1157 tenta
1633 1093 1787 1157 dedicta

278 1173 411 1238 domino
425 1193 501 1260 rege
516 1176 586 1240 siue
601 1176 712 1241 medio
726 1178 779 1244 i.c.
795 1178 880 1241 iufra
894 1175 1102 1242 hundredum
1118 1175 1314 1264 ¹predictum.

709 1524 946 1614 [Huuuuunurr
969 1550 1013 1595 nu
1037 1499 1357 1618 Mamurram]

321 1665 411 1729 Item
426 1665 565 1749 predicti
575 1670 743 1817 1§ureteras
754 1665 870 1729 dicunt
881 1686 940 1750 per
951 1674 1194 1732 sacramentum
1207 1689 1314 1748 auum,
1324 1671 1408 1758 quod
1421 1671 1587 1734 comitissa
1598 1670 1788 1736 Herefordie

278 1757 370 1817 tenet
397 1753 439 1817 de
462 1752 552 1816 dicto
597 1755 707 1817 omino
732 1773 807 1838 rege
829 1755 884 1819 i.c.
900 1754 971 1818 eine
995 1754 1103 1819 medio
1118 1761 1269 1842 quartam
1290 1765 1416 1842 partem
1431 1759 1455 1824 f.
1473 1779 1528 1824 nu.
1546 1781 1590 1824 m.
1606 1759 1640 1822 in
1659 1759 1783 1839 Sanun,

277 1839 364 1904 infru
378 1837 586 1928 hundredum
601 1840 643 1905 de
658 1840 880 1907 Melkeeham.

321 1978 366 2041 ut
380 1979 465 2062 quod
481 2002 546 2047 nou
561 1987 639 2047 eunt
654 1981 747 2067 plura
762 1984 847 2043 terre
861 1998 922 2042 uec
936 1984 1127 2048 tenemente
1142 1987 1234 2048 tenta
1248 1984 1289 2048 de
1304 1984 1393 2050 dicto
1408 1984 1542 2048 domino
1556 2001 1632 2070 rege
1647 1989 1701 2052 i.c.
1717 1985 1783 2048 aine

277 2066 398 2145 medio,
413 2066 499 2134 iufra
513 2069 722 2135 hundredum
737 2067 934 2151 predictum.

554 2427 763 2518 [Hnunaunr
785 2453 830 2498 nu
852 2429 1156 2500 ELLESTUBBE
1181 2451 1222 2496 ur
1245 2424 1518 2513 Evaunum]

320 2562 408 2627 Item
432 2563 573 2647 predicti
598 2565 756 2650 juratores
782 2565 898 2630 dicunt
923 2585 1020 2649 anper
1047 2567 1285 2628 sacramentum
1312 2586 1420 2645 suum,
1434 2565 1520 2649 quod
1545 2584 1610 2627 non
1627 2568 1704 2628 aunt
1719 2563 1787 2629 ulla

276 2654 376 2727 terre,
389 2670 450 2714 nec
464 2656 664 2732 tenementa‚
680 2657 776 2717 tenta
800 2654 841 2717 de
867 2653 958 2716 dicto
985 2653 1119 2717 domino
1134 2672 1209 2738 rege
1224 2654 1280 2719 i.c.
1296 2653 1366 2716 eine
1382 2655 1500 2733 medio,
1515 2653 1601 2716 iufra
1615 2650 1786 2717 hundreda

277 2737 317 2802 de
332 2737 523 2802 Ellestubbe
537 2744 571 2803 et
585 2739 753 2824 Everleye.

321 2824 362 2887 In
377 2824 474 2912 cujus
488 2827 536 2890 rei
550 2827 778 2892 testimonium
794 2833 857 2895 etc.

858 2973 1207 2991 -*-—

319 3100 497 3186 Inquisicio
512 3107 607 3188 capta
621 3103 708 3187 apud
720 3104 846 3168 Novam
858 3105 1074 3170 Sariaburiam
1089 3097 1144 3169 die
1159 3106 1276 3169 Martis
1290 3105 1437 3189 proxima
1452 3111 1525 3189 poet
1539 3104 1660 3168 fertum
1672 3103 1784 3169 Ramie

274 3187 473 3268 Palmarum‚
487 3211 573 3253 anuo
587 3192 681 3276 regui
696 3193 780 3276 regis
795 3193 930 3256 Henrici
948 3194 1055 3279 quarti
1071 3203 1145 3278 poet
1160 3199 1375 3275 conquestum
1397 3195 1501 3256 tercio
1515 3213 1621 3256 coram
1636 3191 1657 3256 J
1659 3193 1784 3256 ohanne

276 3275 429 3360 Goweyn‚
450 3278 652 3356 vicecomite,
675 3285 710 3342 et
734 3280 827 3343 sociis
849 3282 928 3358 anie,
949 3281 1235 3344 commissiouariie
1257 3281 1298 3343 ad
1324 3280 1520 3343 racionabile
1544 3281 1703 3344 auxilium
1725 3299 1782 3364 pro

276 3361 450 3444 Blauchea,
478 3364 547 3428 filia
571 3366 696 3429 domini
723 3368 810 3450 regie
833 3369 1054 3453 primogenita
1080 3367 1264 3430 maritanda
1290 3367 1522 3453 colligendum,
1539 3375 1573 3430 et
1598 3366 1782 3443 levandum,

275 3472 334 3536 per
358 3458 596 3517 sacramentum
622 3453 780 3517 Willelmi
806 3455 970 3537 Lyvedeu,
998 3454 1134 3519 Reberti
1162 3453 1317 3533 Bacham,
1340 3455 1474 3519 Roberti
1506 3455 1622 3537 story,
1647 3454 1781 3519 Roberti

275 3537 404 3622 Smyth,
428 3537 588 3603 Johanuie
613 3539 722 3611 Glerlr.
748 3539 907 3606 Johauuis
934 3542 1124 3625 Laughiull‚
1144 3541 1298 3606 Willelmi
1327 3542 1452 3625 Uptou,
1475 3542 1612 3606 Walteri
1638 3540 1783 3621 Colatou,

275 3625 406 3689 Ricardi
429 3624 591 3710 Mayhow,
608 3627 740 3692 Ricardi
763 3628 903 3706 Bracke‚
918 3630 1055 3693 Roberti
1071 3628 1212 3714 Aliryeh‚
1241 3626 1409 3694 Johannie
1428 3629 1553 3714 Megre,
1579 3631 1638 3714 qui
1666 3628 1783 3692 dicunt

274 3733 371 3797 nuper
386 3718 628 3779 sacramentum
643 3736 750 3794 auum,
767 3717 855 3800 quod
868 3738 923 3779 :-

475 3926 684 4016 [Hnunuunr
706 3951 750 3995 nn
772 3929 1175 3998 HEYGHTRESBURY
1199 3951 1239 3994 nr
1262 3926 1581 4014 WERMESTREJ

316 4065 458 4131 Domina
481 4067 633 4132 Johauua
660 4067 863 4152 Hougeriord
890 4073 985 4132 tenet
1008 4069 1049 4131 de
1072 4068 1206 4131 domiuo
1228 4088 1304 4152 rege
1326 4069 1379 4132 i.c.
1397 4068 1469 4130 eine
1486 4069 1604 4146 medio,
1619 4067 1781 4153 quoddam

273 4156 454 4218 manerium
470 4156 504 4218 iu
520 4155 817 4223 Hurcnnuuaauar
827 4156 1130 4240 (Hurnrauaanar),
1142 4159 1292 4219 vocatum
1303 4156 1520 4234 Wuercouur‚
1531 4176 1591 4240 per
1606 4157 1782 4220 servicium

272 4263 328 4305 un.
345 4241 369 4308 f.
385 4263 432 4308 m.
450 4242 536 4306 iufra
549 4242 758 4307 hundredum
772 4243 813 4307 de
829 4241 1113 4329 Hcyghtreebury.

314 4377 456 4443 Thomas
484 4379 628 4463 Lyuford
656 4384 749 4444 tenet
776 4381 816 4444 de
845 4380 982 4445 domiuo
1011 4401 1088 4465 rege
1113 4382 1166 4446 i.c.
1193 4383 1345 4463 quartam
1375 4386 1504 4462 partem
1534 4399 1591 4446 uu.
1621 4380 1643 4445 f.
1671 4401 1717 4446 m.
1745 4384 1782 4446 iu

272 4466 510 4546 Bernruarorr,
527 4468 613 4531 infra
626 4468 831 4544 hundredum
846 4468 1043 4551 pradictum.

312 4606 355 4668 Et
382 4604 469 4688 quod
494 4624 560 4668 nou
585 4611 664 4670 eunt
690 4606 784 4689 plura
808 4611 903 4684 terre,
919 4611 977 4671 aut
1003 4609 1206 4684 tenementa,
1229 4610 1324 4669 teuta
1339 4603 1380 4666 de
1395 4601 1530 4696 domino
1546 4623 1620 4689 rege
1640 4604 1694 4668 i.c.
1712 4605 1782 4668 aine

272 4692 392 4770 medio,
404 4691 491 4756 infra
504 4691 712 4757 hundredum
727 4693 927 4778 predictum.

311 4830 398 4893 Item
413 4828 636 4914 dicunt,qucd
653 4828 844 4914 Radulphua
860 4830 969 4895 Grene
984 4834 1080 4895 tenet
1093 4831 1278 4895 manerium
1293 4829 1335 4893 de
1350 4829 1577 4907 Wuuuusrun,
1588 4828 1629 4892 de
1645 4828 1779 4895 domino

272 4938 346 5003 rege
361 4917 416 4985 i.c.
432 4916 504 4981 aine
518 4917 638 4997 medio,
654 4938 711 5000 per
726 4919 903 4982 servicium
921 4937 977 4984 un.
994 4919 1018 4985 f.
1034 4940 1079 4984 m.

181 5079 188 5097 =
311 5055 472 5119 Prioriaea
484 5054 525 5118 de
542 5053 701 5138 Stodlegh
717 5060 808 5117 tenet
825 5055 1010 5118 manerium
1025 5056 1066 5119 de
1093 5054 1222 5122 Consua
1247 5053 1381 5132 Maeui,
1398 5053 1439 5117 de
1465 5051 1598 5116 domiuo
1623 5073 1699 5138 rege
1723 5055 1779 5120 i.c.

267 5142 339 5206 aine
354 5143 473 5222 medio,
486 5140 572 5206 infra
587 5141 793 5205 hundredum
809 5142 1012 5225 predictum,
1028 5163 1084 5226 per
1099 5144 1274 5206 servicium
1291 5162 1346 5206 uu.
1363 5141 1386 5206 f.
1404 5161 1449 5206 rn.

309 5279 354 5342 Et
378 5278 466 5364 quod
490 5297 556 5340 uou
583 5282 661 5342 suut
685 5277 781 5361 plura
805 5282 903 5355 terre,
928 5283 987 5342 aut
1012 5283 1214 5354 enemente,
1233 5283 1328 5356 tenta
1343 5277 1382 5340 de
1398 5277 1531 5340 domino
1546 5297 1621 5366 rege
1639 5279 1690 5344 i.c.
1708 5279 1778 5344 eine

271 5366 393 5454 medio,
410 5365 495 5438 inira
509 5364 713 5439 hundredum
730 5365 925 5461 predictam.
