4092 6117
934 589 1017 655 an.
1043 589 1139 656 1431.
1537 575 1541 584 '
1721 588 1784 654 aas

278 894 410 940 onerum
427 878 462 939 in
478 878 624 962 predicto
639 880 809 944 comitatu.
855 881 901 944 Et
915 902 977 965 que
992 881 1034 944 ad
1050 902 1150 967 quam
1165 902 1327 945 summam
1343 900 1485 943 annuam
1500 881 1586 943 ultra
1601 881 1738 963 reprisas
1753 900 1786 942 se

277 965 466 1028 extendant.
511 964 556 1028 Et
582 966 622 1030 de
646 969 790 1049 personis
815 969 892 1032 inde
917 970 1038 1032 seisitis
1064 978 1097 1031 in
1118 969 1281 1033 dominico
1298 989 1356 1031 suo
1371 975 1408 1031 ut
1424 968 1464 1031 de
1479 967 1579 1030 libero
1593 972 1785 1031 tenemento
1903 1015 1916 1046 χ

278 1052 383 1133 primo
398 1051 451 1115 die
466 1054 675 1135 parliamenti
691 1055 810 1118 ultimo
825 1057 987 1139 preteriti.
1033 1056 1081 1122 Et
1105 1059 1208 1120 eciam
1234 1058 1274 1120 de
1296 1057 1451 1118 maneriis
1477 1057 1573 1118 terris
1588 1055 1784 1117 tenementis

278 1139 462 1202 redditibus
476 1141 512 1202 in
526 1144 684 1204 comitatu
712 1144 855 1226 predicto
880 1146 982 1206 tentis
1008 1164 1066 1226 per
1088 1146 1259 1207 servicium
1286 1144 1403 1223 integri
1420 1143 1507 1205 feodi
1522 1143 1639 1205 militis
1655 1162 1713 1205 seu
1729 1162 1785 1225 per

278 1227 449 1289 servicium
473 1229 617 1310 partium
642 1228 811 1292 feodorum
838 1232 985 1293 militum
1009 1231 1235 1294 descendendo
1263 1231 1305 1294 ad
1336 1239 1393 1294 xum
1425 1237 1552 1313 partem
1571 1230 1600 1313 j
1628 1229 1651 1294 f.
1679 1250 1725 1293 m.
1750 1236 1784 1291 et

278 1312 465 1396 hujusmodi
495 1323 552 1380 xmo
577 1318 690 1398 partis.
736 1317 782 1379 Et
806 1319 846 1380 de
873 1319 1026 1381 maneriis
1052 1319 1147 1380 terris
1174 1327 1208 1381 et
1232 1319 1431 1382 tenementis
1456 1338 1494 1379 ao
1516 1317 1698 1380 redditibus
1728 1337 1783 1398 per

277 1419 428 1482 personas
453 1403 642 1484 spirituales
667 1411 725 1467 aut
750 1404 830 1468 alias
857 1426 1005 1487 personas
1029 1403 1070 1468 ad
1093 1426 1188 1468 usum
1213 1426 1421 1488 personarum
1443 1404 1665 1488 spiritualium
1681 1405 1784 1466 tentis

277 1491 311 1548 in
328 1490 489 1552 comitatu
516 1490 663 1574 predicto
689 1513 746 1574 per
769 1492 861 1555 aliud
887 1494 1060 1556 servicium
1087 1512 1185 1574 quam
1212 1514 1268 1575 per
1289 1494 1465 1555 servicium
1488 1492 1642 1554 militare.
1687 1491 1731 1552 Et
1746 1489 1785 1552 de

276 1575 455 1638 redditibus
480 1585 515 1642 et
537 1580 734 1641 tenementis
761 1587 833 1662 post
862 1601 984 1642 annum
1011 1588 1091 1644 xxum
1119 1582 1216 1663 primi
1243 1580 1392 1642 Edwardi
1422 1599 1525 1662 nuper
1554 1579 1639 1662 regis
1665 1577 1783 1662 Anglie

276 1664 475 1726 amortisatis
489 1665 578 1728 etad
594 1687 692 1750 quam
708 1686 856 1729 summan
872 1688 1014 1730 annuam
1031 1689 1064 1730 se
1080 1669 1257 1732 extendant
1285 1667 1373 1730 ultra
1396 1672 1536 1749 reprisas
1558 1666 1692 1728 ibidem.
1739 1667 1783 1726 lle

275 1749 379 1812 eciam
395 1751 436 1812 de
451 1752 585 1815 diversis
600 1753 748 1815 articulis
763 1775 800 1816 ac
816 1755 856 1817 de
871 1755 1061 1818 nominibus
1076 1756 1225 1818 omnium
1239 1760 1273 1816 et
1287 1755 1489 1838 singulorum
1505 1772 1709 1835 personarum
1726 1752 1784 1834 qui

275 1836 429 1899 solucioni
456 1839 595 1902 subsidii
619 1841 706 1904 inter
728 1841 793 1903 alia
819 1862 877 1924 pro
902 1842 1094 1906 defencione
1117 1844 1210 1926 regni
1234 1841 1351 1926 Anglie
1378 1841 1553 1904 autoritate
1578 1839 1783 1923 parliamenti

276 1925 418 1987 concessi
455 1927 633 1989 secundum
672 1929 808 1990 formam
847 1930 993 2012 ejusdem
1030 1931 1266 1992 commissionis
1304 1929 1506 1992 contribuere
1555 1927 1689 2003 debent,
1728 1946 1784 2009 per

263 2013 511 2076 'sacramentum
541 2015 674 2077 Roberti
705 2015 823 2079 Delace
858 2016 910 2092 (Ρ),
942 2016 1101 2079 Jobannis
1131 2016 1261 2092 Perkes,
1291 2015 1414 2078 Thome
1447 2014 1593 2098 Swyney,
1624 2012 1784 2086 Jobannis

274 2096 388 2181 Sharp‚
405 2098 563 2164 Jobannis
579 2102 668 2175 Hall,
682 2103 815 2166 Walteri
833 2104 942 2182 Miles,
958 2103 1089 2168 Ricardi
1116 2102 1265 2181 istraheli,
1292 2102 1449 2165 Jobannis
1478 2103 1623 2185 Frewyn‚
1642 2100 1783 2163 Galfridi

275 2184 380 2261 Frere,
413 2186 575 2251 Willelmi
616 2189 805 2273 Bougbton,
841 2191 1217 2274 JobannisSeggilton,
1256 2191 1393 2252 Henrici
1431 2189 1563 2272 tlomyn,
1601 2190 1782 2272 juratorum

273 2283 479 2337 oneratorum
495 2275 535 2338 de
551 2277 687 2339 civitate
703 2279 862 2360 predicta,
876 2281 931 2361 qui
948 2279 1064 2342 dicunt
1079 2299 1175 2361 super
1191 2284 1429 2340 sacramentum
1447 2297 1540 2340 suum
1557 2276 1642 2360 quod
1654 2294 1707 2334 :-

313 2463 473 2527 Robertus
490 2464 706 2550 Whitegreve,
721 2468 873 2551 armiger,
885 2466 985 2530 babet
1000 2467 1042 2530 ad
1058 2466 1236 2530 terminum
1252 2468 1320 2529 vite
1335 2487 1392 2529 sue
1406 2468 1448 2529 de
1471 2467 1674 2528 concessione
1698 2466 1782 2549 regis

271 2549 312 2612 de
341 2551 433 2613 firma
462 2552 587 2615 domini
616 2555 703 2636 regis
732 2555 900 2617 civitatem
931 2556 1116 2621 Wsooauus
1148 2553 1298 2618 annualis
1331 2554 1477 2617 redditus
1508 2553 1548 2615 de
1577 2553 1664 2615 claro
1693 2553 1781 2615 ultra

273 2639 408 2720 reprisas
424 2660 454 2703 x.
466 2640 499 2704 li.
516 2660 573 2723 per
590 2660 725 2703 annum.

314 2799 476 2866 Jobanues
493 2802 637 2883 weston,
653 2805 803 2889 armiger,
817 2805 857 2866 de
873 2807 1034 2868 comitatu
1052 2805 1243 2881 Warrewici,
1260 2802 1359 2868 habet
1373 2810 1476 2866 terras
1490 2807 1522 2866 et
1540 2808 1729 2867 tenementa
1744 2803 1778 2866 in

271 2887 455 2954 Wusonuu
468 2890 503 2951 in
518 2891 694 2969 dominico,
713 2899 749 2954 ut
765 2892 803 2954 de
820 2891 923 2955 libero
939 2897 1128 2955 tenemento
1143 2892 1261 2955 valoris
1276 2911 1470 2974 perannum
1485 2891 1525 2953 de
1540 2890 1626 2952 claro
1641 2912 1672 2954 x.
1684 2891 1718 2955 li.

315 3051 499 3116 Willelmus
515 3052 623 3136 Osney
638 3055 678 3118 de
693 3054 871 3140 Wygornia
886 3055 921 3118 in
943 3057 1104 3118 comitatu
1128 3056 1284 3139 predicto,
1298 3054 1535 3131 busbondmon,
1553 3051 1652 3116 habet
1681 3058 1781 3116 terras

270 3144 305 3200 et
319 3145 506 3203 tenementa
520 3141 555 3203 in
571 3143 755 3207 Wuooaurs
769 3145 803 3205 in
820 3141 923 3205 forma
938 3143 1087 3226 predicta
1103 3143 1219 3206 valoris
1234 3162 1429 3226 perannum
1445 3164 1474 3206 x.
1485 3142 1520 3206 li.

314 3300 480 3365 Jobanues
496 3302 608 3384 Fyncb
624 3311 659 3367 et
673 3304 845 3380 Katerina‚
861 3326 940 3368 uxor
955 3306 1038 3390 ejus,
1054 3312 1167 3369 tenent
1182 3308 1223 3370 de
1240 3307 1378 3368 termino
1393 3307 1459 3367 vite
1483 3306 1586 3387 ipsius
1611 3302 1777 3382 Katerina‚

271 3397 358 3452 certa
375 3398 474 3453 terras
489 3391 523 3451 in
539 3390 722 3457 Wrooarus
738 3393 854 3456 valoris
870 3413 1063 3477 perannum
1079 3415 1107 3458 c.
1118 3417 1144 3457 s.

314 3552 452 3616 Thomas
482 3555 607 3616 Nortou
640 3551 712 3639 [de]
743 3554 887 3634 Bristoll,
912 3559 1067 3640 armiger,
1093 3561 1187 3620 tenet
1215 3562 1303 3619 certa
1333 3559 1435 3618 terras
1465 3560 1500 3616 et
1531 3559 1718 3618 tenementa
1743 3557 1777 3617 in

271 3639 454 3705 Wusounra
468 3641 502 3702 iu
518 3641 682 3704 dominico
696 3661 765 3722 suo,
784 3648 823 3705 ut
837 3644 876 3706 de
892 3643 994 3707 libero
1009 3650 1209 3722 tenemento,
1227 3643 1344 3705 valoris
1359 3663 1415 3724 per
1430 3662 1551 3704 annum
1567 3663 1595 3705 c.
1607 3665 1632 3706 s.

314 3803 335 3866 J
337 3800 481 3867 ohannes
496 3803 585 3881 Hau,
595 3825 718 3888 grocer‚
728 3806 768 3868 de
777 3807 962 3892 Wygoruia,
973 3813 1066 3870 tenet
1076 3811 1164 3869 certa
1180 3815 1281 3869 terras
1296 3812 1330 3868 et
1345 3810 1533 3868 tenementa
1549 3806 1582 3868 in
1596 3807 1779 3872 Wvoomus

271 3891 305 3953 in
320 3890 494 3970 dominico,
509 3895 548 3953 ut
563 3892 604 3953 de
619 3891 717 3955 libero
732 3900 932 3972 tenemento,
946 3895 1062 3958 valoris
1077 3914 1135 3978 per
1150 3913 1273 3958 annum
1289 3915 1317 3962 c.
1329 3917 1354 3958 a.

313 4054 452 4118 Thomas
481 4055 615 4140 Sveney
641 4057 681 4120 de
708 4057 894 4142 Wygornia
921 4054 1073 4132 boucher‚
1098 4061 1190 4119 tenet
1216 4061 1305 4117 certa
1331 4060 1433 4115 terras
1463 4058 1498 4114 et
1527 4057 1714 4115 tenementa
1743 4054 1778 4115 in

271 4139 452 4208 Wrooaurs
466 4144 502 4207 in
516 4145 684 4208 dominico
697 4165 765 4224 suo,
782 4151 819 4208 ut
834 4146 875 4208 de
891 4144 992 4208 libero
1009 4149 1209 4219 tenemento,
1226 4141 1341 4204 valoris
1357 4159 1550 4223 perannum
1567 4159 1596 4204 o.
1607 4163 1632 4204 s.

314 4305 358 4368 Et
373 4305 511 4369 ulterius
524 4306 640 4369 dicunt
655 4307 739 4392 quod
755 4327 821 4370 non
847 4312 924 4368 sunt
949 4305 1042 4389 plura
1067 4311 1149 4369 terre
1175 4323 1281 4388 neque
1305 4307 1495 4366 tenementa
1509 4308 1565 4364 aut
1581 4301 1729 4364 redditus
1744 4304 1778 4364 in

272 4392 406 4455 civitate
430 4392 577 4476 predicta
592 4395 644 4457 vel
670 4397 705 4457 in
730 4394 896 4458 suburbiis
920 4393 1081 4478 ejusdem,
1098 4413 1161 4476 que
1177 4397 1332 4454 tenentur
1357 4409 1415 4471 per
1431 4389 1603 4451 servicium
1621 4388 1642 4454 f.
1660 4411 1704 4454 m.
1720 4411 1779 4452 nec

272 4478 410 4566 alicujus
435 4481 574 4564 parcella
599 4482 767 4554 militaris,
780 4502 840 4544 neo
865 4487 951 4543 terre
976 4501 1080 4564 neque
1103 4484 1295 4542 tenementa
1319 4489 1378 4540 aut
1393 4477 1541 4540 redditus
1555 4496 1703 4553 onerum,
1719 4496 1779 4540 nec

272 4566 381 4651 aliqua
416 4569 482 4630 alia
518 4588 581 4652 que
617 4569 775 4632 solucioni
805 4568 942 4631 subsidii
971 4567 1112 4650 predicti
1148 4567 1242 4652 juxta
1272 4565 1350 4642 vim,
1380 4564 1533 4640 formam,
1562 4570 1595 4627 et
1624 4562 1778 4626 effectum

272 4655 507 4718 commissionis
521 4656 667 4738 predicte
683 4655 887 4720 contribuere
902 4655 1032 4720 debent.

318 4822 360 4886 In
373 4823 466 4909 cujus
479 4821 528 4886 rei
542 4823 772 4887 testimonium
788 4829 853 4887 etc.

697 5061 920 5126 Huunanuuu
943 5081 987 5126 ns
1010 5057 1358 5126 BLAKENHURST.

317 5198 497 5282 Inquisicio
519 5202 615 5281 capta
640 5196 724 5280 apud
753 5196 901 5262 Castrum
916 5197 1093 5282 Wygoruie
1109 5198 1144 5260 in
1167 5196 1262 5280 pleno
1277 5195 1439 5257 comitatu
1453 5191 1577 5255 ibidem
1592 5192 1645 5254 die
1662 5191 1780 5256 Martis

271 5285 416 5366 proxima
430 5293 504 5369 post
519 5287 640 5348 festum
653 5287 765 5348 Sancti
777 5287 915 5349 Martini
928 5305 1013 5347 anno
1029 5285 1122 5369 regni
1137 5283 1222 5367 regis
1236 5283 1370 5344 Henrioi
1383 5281 1467 5342 sexti
1481 5285 1553 5363 post
1565 5287 1778 5364 conquestum

269 5371 396 5437 decimo
410 5380 472 5437 eto.
492 5379 540 5452 (aa
554 5375 675 5450 alioue),
702 5392 761 5455 per
785 5379 1026 5436 sacramentum
1051 5370 1187 5435 Roberti
1204 5370 1335 5445 Webbe‚
1350 5365 1508 5431 Jobannis
1524 5365 1640 5448 Hoyle‚
1657 5368 1779 5430 Tbome
1795 5391 1800 5406 ·
