<?xml version="1.0" encoding="UTF-8"?>
<!DOCTYPE html PUBLIC "-//W3C//DTD XHTML 1.0 Transitional//EN"
    "http://www.w3.org/TR/xhtml1/DTD/xhtml1-transitional.dtd">
<html xmlns="http://www.w3.org/1999/xhtml" xml:lang="en" lang="en">
 <head>
  <title>
</title>
<meta http-equiv="Content-Type" content="text/html;charset=utf-8" />
  <meta name='ocr-system' content='tesseract 3.04.00' />
  <meta name='ocr-capabilities' content='ocr_page ocr_carea ocr_par ocr_line ocrx_word'/>
</head>
<body>
  <div class='ocr_page' id='page_1' title='image "./inquisitionsand03offigoog_0283.png"; bbox 0 0 4092 6117; ppageno 0'>
   <div class='ocr_carea' id='block_1_1' title="bbox 903 587 1756 657">
    <p class='ocr_par' dir='ltr' id='par_1_1' title="bbox 903 587 1756 657">
     <span class='ocr_line' id='line_1_1' title="bbox 903 587 1756 657; baseline 0.004 -3"><span class='ocrx_word' id='word_1_1' title='bbox 903 587 987 656; x_wconf 72' lang='lat' dir='ltr'>ab.</span> <span class='ocrx_word' id='word_1_2' title='bbox 1013 592 1110 657; x_wconf 81' lang='grc'><strong>1428.</strong></span> <span class='ocrx_word' id='word_1_3' title='bbox 1694 589 1756 657; x_wconf 80' lang='grc'>267</span> 
     </span>
    </p>
   </div>
   <div class='ocr_carea' id='block_1_2' title="bbox 253 876 1837 1146">
    <p class='ocr_par' dir='ltr' id='par_1_2' title="bbox 253 876 1837 1146">
     <span class='ocr_line' id='line_1_2' title="bbox 295 876 1758 964; baseline 0.006 -25"><span class='ocrx_word' id='word_1_4' title='bbox 295 876 459 944; x_wconf 85' lang='lat' dir='ltr'>Johannes</span> <span class='ocrx_word' id='word_1_5' title='bbox 483 879 641 945; x_wconf 88' lang='lat' dir='ltr'>Stourton</span> <span class='ocrx_word' id='word_1_6' title='bbox 668 892 761 947; x_wconf 91' lang='lat' dir='ltr'>tenet</span> <span class='ocrx_word' id='word_1_7' title='bbox 784 887 974 950; x_wconf 84' lang='lat' dir='ltr'>immediate</span> <span class='ocrx_word' id='word_1_8' title='bbox 998 890 1033 949; x_wconf 92' lang='lat' dir='ltr'>in</span> <span class='ocrx_word' id='word_1_9' title='bbox 1059 887 1228 964; x_wconf 79' lang='lat' dir='ltr'>Bousrou,</span> <span class='ocrx_word' id='word_1_10' title='bbox 1244 888 1286 951; x_wconf 90' lang='lat' dir='ltr'>de</span> <span class='ocrx_word' id='word_1_11' title='bbox 1301 888 1423 949; x_wconf 79' lang='lat' dir='ltr'>comite</span> <span class='ocrx_word' id='word_1_12' title='bbox 1439 885 1643 961; x_wconf 71' lang='lat' dir='ltr'>Herefordie,</span> <span class='ocrx_word' id='word_1_13' title='bbox 1659 905 1758 948; x_wconf 89' lang='lat' dir='ltr'>unam</span> 
     </span>
     <span class='ocr_line' id='line_1_3' title="bbox 253 965 1837 1057; baseline 0.008 -32"><span class='ocrx_word' id='word_1_14' title='bbox 253 965 462 1029; x_wconf 88' lang='lat' dir='ltr'>medietatem</span> <span class='ocrx_word' id='word_1_15' title='bbox 487 975 650 1033; x_wconf 88' lang='lat' dir='ltr'>certorum</span> <span class='ocrx_word' id='word_1_16' title='bbox 677 980 836 1035; x_wconf 84' lang='lat' dir='ltr'>terrarum</span> <span class='ocrx_word' id='word_1_17' title='bbox 857 979 892 1036; x_wconf 93' lang='lat' dir='ltr'>et</span> <span class='ocrx_word' id='word_1_18' title='bbox 914 980 1190 1052; x_wconf 87' lang='lat' dir='ltr'>tenementorum‚</span> <span class='ocrx_word' id='word_1_19' title='bbox 1207 975 1370 1057; x_wconf 89' lang='lat' dir='ltr'>quondam</span> <span class='ocrx_word' id='word_1_20' title='bbox 1394 973 1485 1037; x_wconf 89' lang='lat' dir='ltr'>Petri</span> <span class='ocrx_word' id='word_1_21' title='bbox 1509 972 1549 1036; x_wconf 92' lang='lat' dir='ltr'>de</span> <span class='ocrx_word' id='word_1_22' title='bbox 1565 972 1708 1035; x_wconf 87' lang='lat' dir='ltr'>Bourton</span> <span class='ocrx_word' id='word_1_23' title='bbox 1723 979 1758 1037; x_wconf 88' lang='lat' dir='ltr'>et</span> <span class='ocrx_word' id='word_1_24' title='bbox 1832 1040 1837 1047; x_wconf 69' lang='grc'><em>,</em></span> 
     </span>
     <span class='ocr_line' id='line_1_4' title="bbox 253 1051 1495 1146; baseline 0.01 -34"><span class='ocrx_word' id='word_1_25' title='bbox 253 1051 403 1115; x_wconf 88' lang='lat' dir='ltr'>Nioholsi</span> <span class='ocrx_word' id='word_1_26' title='bbox 418 1054 610 1138; x_wconf 84' lang='lat' dir='ltr'>Olaymond,</span> <span class='ocrx_word' id='word_1_27' title='bbox 625 1079 681 1140; x_wconf 90' lang='lat' dir='ltr'>per</span> <span class='ocrx_word' id='word_1_28' title='bbox 698 1061 869 1122; x_wconf 85' lang='lat' dir='ltr'>servicium</span> <span class='ocrx_word' id='word_1_29' title='bbox 886 1061 1075 1124; x_wconf 82' lang='lat' dir='ltr'>medietatis</span> <span class='ocrx_word' id='word_1_30' title='bbox 1091 1067 1205 1146; x_wconf 87' lang='lat' dir='ltr'>quarte</span> <span class='ocrx_word' id='word_1_31' title='bbox 1221 1063 1323 1145; x_wconf 88' lang='lat' dir='ltr'>partis</span> <span class='ocrx_word' id='word_1_32' title='bbox 1339 1080 1395 1124; x_wconf 91' lang='lat' dir='ltr'>un.</span> <span class='ocrx_word' id='word_1_33' title='bbox 1412 1063 1433 1125; x_wconf 83' lang='lat' dir='ltr'>f.</span> <span class='ocrx_word' id='word_1_34' title='bbox 1449 1082 1495 1126; x_wconf 91' lang='lat' dir='ltr'>m.</span> 
     </span>
    </p>
   </div>
   <div class='ocr_carea' id='block_1_3' title="bbox 252 1188 1759 1451">
    <p class='ocr_par' dir='ltr' id='par_1_3' title="bbox 252 1188 1759 1451">
     <span class='ocr_line' id='line_1_5' title="bbox 296 1188 1759 1277; baseline 0.006 -26"><span class='ocrx_word' id='word_1_35' title='bbox 296 1188 463 1254; x_wconf 86' lang='lat' dir='ltr'>Johannes</span> <span class='ocrx_word' id='word_1_36' title='bbox 510 1191 689 1277; x_wconf 79' lang='lat' dir='ltr'>Olaymond</span> <span class='ocrx_word' id='word_1_37' title='bbox 739 1202 830 1259; x_wconf 87' lang='lat' dir='ltr'>tenet</span> <span class='ocrx_word' id='word_1_38' title='bbox 876 1197 1013 1260; x_wconf 87' lang='lat' dir='ltr'>alteram</span> <span class='ocrx_word' id='word_1_39' title='bbox 1061 1197 1278 1262; x_wconf 90' lang='lat' dir='ltr'>medietatem</span> <span class='ocrx_word' id='word_1_40' title='bbox 1328 1199 1489 1262; x_wconf 88' lang='lat' dir='ltr'>dictorum</span> <span class='ocrx_word' id='word_1_41' title='bbox 1527 1205 1686 1262; x_wconf 74' lang='lat' dir='ltr'>terrarum</span> <span class='ocrx_word' id='word_1_42' title='bbox 1723 1201 1759 1260; x_wconf 88' lang='lat' dir='ltr'>et</span> 
     </span>
     <span class='ocr_line' id='line_1_6' title="bbox 252 1283 1757 1370; baseline 0.005 -32"><span class='ocrx_word' id='word_1_43' title='bbox 252 1284 514 1342; x_wconf 90' lang='lat' dir='ltr'>tenementorum</span> <span class='ocrx_word' id='word_1_44' title='bbox 531 1283 697 1363; x_wconf 87' lang='lat' dir='ltr'>quondam</span> <span class='ocrx_word' id='word_1_45' title='bbox 720 1283 812 1346; x_wconf 91' lang='lat' dir='ltr'>Petri</span> <span class='ocrx_word' id='word_1_46' title='bbox 828 1284 868 1346; x_wconf 91' lang='lat' dir='ltr'>de</span> <span class='ocrx_word' id='word_1_47' title='bbox 885 1285 1029 1348; x_wconf 87' lang='lat' dir='ltr'>Bourton</span> <span class='ocrx_word' id='word_1_48' title='bbox 1054 1294 1088 1348; x_wconf 93' lang='lat' dir='ltr'>et</span> <span class='ocrx_word' id='word_1_49' title='bbox 1111 1285 1261 1349; x_wconf 85' lang='lat' dir='ltr'>Nicholai</span> <span class='ocrx_word' id='word_1_50' title='bbox 1289 1285 1479 1370; x_wconf 83' lang='lat' dir='ltr'>Olaymond,</span> <span class='ocrx_word' id='word_1_51' title='bbox 1504 1307 1560 1370; x_wconf 89' lang='lat' dir='ltr'>per</span> <span class='ocrx_word' id='word_1_52' title='bbox 1585 1285 1757 1348; x_wconf 83' lang='lat' dir='ltr'>servicium</span> 
     </span>
     <span class='ocr_line' id='line_1_7' title="bbox 253 1363 863 1451; baseline 0.016 -26"><span class='ocrx_word' id='word_1_53' title='bbox 253 1363 438 1427; x_wconf 86' lang='lat' dir='ltr'>medietatis</span> <span class='ocrx_word' id='word_1_54' title='bbox 453 1382 569 1450; x_wconf 84' lang='lat' dir='ltr'>quarte</span> <span class='ocrx_word' id='word_1_55' title='bbox 583 1373 686 1451; x_wconf 86' lang='lat' dir='ltr'>partis</span> <span class='ocrx_word' id='word_1_56' title='bbox 701 1391 758 1435; x_wconf 90' lang='lat' dir='ltr'>un.</span> <span class='ocrx_word' id='word_1_57' title='bbox 778 1370 801 1434; x_wconf 83' lang='lat' dir='ltr'>f.</span> <span class='ocrx_word' id='word_1_58' title='bbox 818 1393 863 1436; x_wconf 91' lang='lat' dir='ltr'>m.</span> 
     </span>
    </p>
   </div>
   <div class='ocr_carea' id='block_1_4' title="bbox 255 1501 1759 1680">
    <p class='ocr_par' dir='ltr' id='par_1_4' title="bbox 255 1501 1759 1680">
     <span class='ocr_line' id='line_1_8' title="bbox 297 1501 1759 1594; baseline 0.005 -32"><span class='ocrx_word' id='word_1_59' title='bbox 297 1501 468 1566; x_wconf 81' lang='lat' dir='ltr'>Abbatissa</span> <span class='ocrx_word' id='word_1_60' title='bbox 487 1507 641 1569; x_wconf 88' lang='lat' dir='ltr'>Wiltonie</span> <span class='ocrx_word' id='word_1_61' title='bbox 665 1512 754 1571; x_wconf 89' lang='lat' dir='ltr'>tenet</span> <span class='ocrx_word' id='word_1_62' title='bbox 781 1509 973 1572; x_wconf 85' lang='lat' dir='ltr'>immediate</span> <span class='ocrx_word' id='word_1_63' title='bbox 997 1509 1038 1572; x_wconf 91' lang='lat' dir='ltr'>de</span> <span class='ocrx_word' id='word_1_64' title='bbox 1061 1531 1135 1594; x_wconf 85' lang='lat' dir='ltr'>rege</span> <span class='ocrx_word' id='word_1_65' title='bbox 1162 1511 1195 1572; x_wconf 93' lang='lat' dir='ltr'>in</span> <span class='ocrx_word' id='word_1_66' title='bbox 1224 1511 1342 1575; x_wconf 78' lang='lat' dir='ltr'>Kuonn</span> <span class='ocrx_word' id='word_1_67' title='bbox 1365 1511 1553 1576; x_wconf 79' lang='lat' dir='ltr'>Honvnaus</span> <span class='ocrx_word' id='word_1_68' title='bbox 1575 1508 1655 1571; x_wconf 86' lang='lat' dir='ltr'>alias</span> <span class='ocrx_word' id='word_1_69' title='bbox 1671 1507 1759 1571; x_wconf 90' lang='lat' dir='ltr'>dicta</span> 
     </span>
     <span class='ocr_line' id='line_1_9' title="bbox 255 1589 1757 1680; baseline 0.003 -28"><span class='ocrx_word' id='word_1_70' title='bbox 255 1589 371 1654; x_wconf 81' lang='lat' dir='ltr'>Kuoan</span> <span class='ocrx_word' id='word_1_71' title='bbox 402 1592 511 1658; x_wconf 79' lang='lat' dir='ltr'>Pravs</span> <span class='ocrx_word' id='word_1_72' title='bbox 542 1599 631 1655; x_wconf 90' lang='lat' dir='ltr'>certa</span> <span class='ocrx_word' id='word_1_73' title='bbox 661 1600 761 1658; x_wconf 86' lang='lat' dir='ltr'>terras</span> <span class='ocrx_word' id='word_1_74' title='bbox 787 1603 821 1657; x_wconf 89' lang='lat' dir='ltr'>et</span> <span class='ocrx_word' id='word_1_75' title='bbox 847 1603 1048 1674; x_wconf 84' lang='lat' dir='ltr'>tenementa,</span> <span class='ocrx_word' id='word_1_76' title='bbox 1071 1599 1236 1680; x_wconf 90' lang='lat' dir='ltr'>quondam</span> <span class='ocrx_word' id='word_1_77' title='bbox 1263 1597 1424 1662; x_wconf 85' lang='lat' dir='ltr'>abbatisse</span> <span class='ocrx_word' id='word_1_78' title='bbox 1455 1600 1495 1660; x_wconf 90' lang='lat' dir='ltr'>de</span> <span class='ocrx_word' id='word_1_79' title='bbox 1526 1596 1695 1673; x_wconf 84' lang='lat' dir='ltr'>Wiltonia,</span> <span class='ocrx_word' id='word_1_80' title='bbox 1722 1596 1757 1658; x_wconf 89' lang='lat' dir='ltr'>in</span> 
     </span>
    </p>
   </div>
   <div class='ocr_carea' id='block_1_5' title="bbox 253 1679 1882 1768">
    <p class='ocr_par' dir='ltr' id='par_1_5' title="bbox 253 1679 1882 1768">
     <span class='ocr_line' id='line_1_10' title="bbox 253 1679 1882 1768; baseline 0.005 -32"><span class='ocrx_word' id='word_1_81' title='bbox 253 1695 366 1758; x_wconf 87' lang='lat' dir='ltr'>puram</span> <span class='ocrx_word' id='word_1_82' title='bbox 397 1679 621 1759; x_wconf 82' lang='lat' dir='ltr'>elemosinam,</span> <span class='ocrx_word' id='word_1_83' title='bbox 650 1702 707 1764; x_wconf 90' lang='lat' dir='ltr'>pro</span> <span class='ocrx_word' id='word_1_84' title='bbox 744 1683 860 1766; x_wconf 90' lang='lat' dir='ltr'>quibus</span> <span class='ocrx_word' id='word_1_85' title='bbox 898 1684 993 1746; x_wconf 89' lang='lat' dir='ltr'>solvit</span> <span class='ocrx_word' id='word_1_86' title='bbox 1024 1686 1158 1748; x_wconf 91' lang='lat' dir='ltr'>domino</span> <span class='ocrx_word' id='word_1_87' title='bbox 1188 1686 1260 1768; x_wconf 85' lang='lat' dir='ltr'>regi</span> <span class='ocrx_word' id='word_1_88' title='bbox 1297 1685 1439 1748; x_wconf 85' lang='lat' dir='ltr'>decimas</span> <span class='ocrx_word' id='word_1_89' title='bbox 1468 1683 1596 1768; x_wconf 91' lang='lat' dir='ltr'>quando</span> <span class='ocrx_word' id='word_1_90' title='bbox 1634 1684 1759 1745; x_wconf 86' lang='lat' dir='ltr'>decime</span> <span class='ocrx_word' id='word_1_91' title='bbox 1880 1759 1882 1762; x_wconf 16' lang='grc' dir='ltr'>Ι</span> 
     </span>
    </p>
   </div>
   <div class='ocr_carea' id='block_1_6' title="bbox 251 1773 397 1830">
    <p class='ocr_par' dir='ltr' id='par_1_6' title="bbox 251 1773 397 1830">
     <span class='ocr_line' id='line_1_11' title="bbox 251 1773 397 1830; baseline 0.041 -6"><span class='ocrx_word' id='word_1_92' title='bbox 251 1773 397 1830; x_wconf 89' lang='lat' dir='ltr'>currunt.</span> 
     </span>
    </p>
   </div>
   <div class='ocr_carea' id='block_1_7' title="bbox 299 1897 1758 1982">
    <p class='ocr_par' dir='ltr' id='par_1_7' title="bbox 299 1897 1758 1982">
     <span class='ocr_line' id='line_1_12' title="bbox 299 1897 1758 1982; baseline 0 -24"><span class='ocrx_word' id='word_1_93' title='bbox 299 1897 478 1960; x_wconf 81' lang='lat' dir='ltr'>Mauricius</span> <span class='ocrx_word' id='word_1_94' title='bbox 494 1899 535 1960; x_wconf 87' lang='lat' dir='ltr'>de</span> <span class='ocrx_word' id='word_1_95' title='bbox 550 1897 724 1982; x_wconf 84' lang='lat' dir='ltr'>Berkeley,</span> <span class='ocrx_word' id='word_1_96' title='bbox 738 1900 892 1978; x_wconf 85' lang='lat' dir='ltr'>chivaler,</span> <span class='ocrx_word' id='word_1_97' title='bbox 906 1909 1000 1965; x_wconf 87' lang='lat' dir='ltr'>tenet</span> <span class='ocrx_word' id='word_1_98' title='bbox 1016 1900 1207 1964; x_wconf 85' lang='lat' dir='ltr'>immediate</span> <span class='ocrx_word' id='word_1_99' title='bbox 1231 1902 1264 1963; x_wconf 91' lang='lat' dir='ltr'>in</span> <span class='ocrx_word' id='word_1_100' title='bbox 1290 1901 1545 1966; x_wconf 79' lang='lat' dir='ltr'>Cusnauuvcua</span> <span class='ocrx_word' id='word_1_101' title='bbox 1570 1899 1611 1962; x_wconf 92' lang='lat' dir='ltr'>de</span> <span class='ocrx_word' id='word_1_102' title='bbox 1637 1898 1758 1961; x_wconf 88' lang='lat' dir='ltr'>comite</span> 
     </span>
    </p>
   </div>
   <div class='ocr_carea' id='block_1_8' title="bbox 254 1984 1757 2136">
    <p class='ocr_par' dir='ltr' id='par_1_8' title="bbox 254 1984 1757 2136">
     <span class='ocr_line' id='line_1_13' title="bbox 254 1984 1757 2132; baseline 0.001 -87"><span class='ocrx_word' id='word_1_103' title='bbox 254 1984 434 2132; x_wconf 43' lang='lat' dir='ltr'>(biarissburie</span> <span class='ocrx_word' id='word_1_104' title='bbox 457 1996 547 2082; x_wconf 76' lang='lat' dir='ltr'>certa</span> <span class='ocrx_word' id='word_1_105' title='bbox 573 1999 675 2048; x_wconf 85' lang='lat' dir='ltr'>terras</span> <span class='ocrx_word' id='word_1_106' title='bbox 698 1996 732 2050; x_wconf 92' lang='lat' dir='ltr'>et</span> <span class='ocrx_word' id='word_1_107' title='bbox 757 1996 961 2066; x_wconf 85' lang='lat' dir='ltr'>tenementa,</span> <span class='ocrx_word' id='word_1_108' title='bbox 983 1989 1147 2072; x_wconf 87' lang='lat' dir='ltr'>quondam</span> <span class='ocrx_word' id='word_1_109' title='bbox 1173 1986 1323 2050; x_wconf 83' lang='lat' dir='ltr'>Nicholsi</span> <span class='ocrx_word' id='word_1_110' title='bbox 1339 1989 1379 2051; x_wconf 92' lang='lat' dir='ltr'>de</span> <span class='ocrx_word' id='word_1_111' title='bbox 1396 1987 1498 2064; x_wconf 91' lang='lat' dir='ltr'>Mere,</span> <span class='ocrx_word' id='word_1_112' title='bbox 1513 2007 1570 2070; x_wconf 91' lang='lat' dir='ltr'>per</span> <span class='ocrx_word' id='word_1_113' title='bbox 1586 1987 1757 2050; x_wconf 83' lang='lat' dir='ltr'>servicium</span> 
     </span>
     <span class='ocr_line' id='line_1_14' title="bbox 277 2090 400 2136; baseline 0.033 -4"><span class='ocrx_word' id='word_1_114' title='bbox 277 2090 300 2135; x_wconf 85' lang='lat' dir='ltr'>r.</span> <span class='ocrx_word' id='word_1_115' title='bbox 330 2092 400 2136; x_wconf 88' lang='lat' dir='ltr'>.m.</span> 
     </span>
    </p>
   </div>
   <div class='ocr_carea' id='block_1_9' title="bbox 254 2207 1757 2469">
    <p class='ocr_par' dir='ltr' id='par_1_9' title="bbox 254 2207 1757 2469">
     <span class='ocr_line' id='line_1_15' title="bbox 297 2207 1756 2278; baseline -0.001 -6"><span class='ocrx_word' id='word_1_116' title='bbox 297 2208 462 2272; x_wconf 90' lang='lat' dir='ltr'>Johannes</span> <span class='ocrx_word' id='word_1_117' title='bbox 478 2207 633 2273; x_wconf 89' lang='lat' dir='ltr'>Stourton</span> <span class='ocrx_word' id='word_1_118' title='bbox 650 2218 745 2274; x_wconf 90' lang='lat' dir='ltr'>tenet</span> <span class='ocrx_word' id='word_1_119' title='bbox 768 2212 958 2275; x_wconf 88' lang='lat' dir='ltr'>immediate</span> <span class='ocrx_word' id='word_1_120' title='bbox 981 2214 1015 2275; x_wconf 92' lang='lat' dir='ltr'>in</span> <span class='ocrx_word' id='word_1_121' title='bbox 1042 2213 1215 2278; x_wconf 71' lang='lat' dir='ltr'>Seouerou</span> <span class='ocrx_word' id='word_1_122' title='bbox 1239 2210 1472 2278; x_wconf 80' lang='lat' dir='ltr'>deheredibus</span> <span class='ocrx_word' id='word_1_123' title='bbox 1498 2209 1631 2273; x_wconf 87' lang='lat' dir='ltr'>Ricardi</span> <span class='ocrx_word' id='word_1_124' title='bbox 1657 2210 1756 2273; x_wconf 89' lang='lat' dir='ltr'>Luvel</span> 
     </span>
     <span class='ocr_line' id='line_1_16' title="bbox 254 2297 1757 2382; baseline 0.004 -25"><span class='ocrx_word' id='word_1_125' title='bbox 254 2311 342 2358; x_wconf 83' lang='lat' dir='ltr'>certa</span> <span class='ocrx_word' id='word_1_126' title='bbox 367 2303 468 2359; x_wconf 87' lang='lat' dir='ltr'>terras</span> <span class='ocrx_word' id='word_1_127' title='bbox 493 2305 528 2360; x_wconf 88' lang='lat' dir='ltr'>et</span> <span class='ocrx_word' id='word_1_128' title='bbox 554 2304 760 2370; x_wconf 73' lang='lat' dir='ltr'>tenemento,</span> <span class='ocrx_word' id='word_1_129' title='bbox 776 2301 940 2382; x_wconf 88' lang='lat' dir='ltr'>quondam</span> <span class='ocrx_word' id='word_1_130' title='bbox 968 2298 1103 2362; x_wconf 90' lang='lat' dir='ltr'>Roberti</span> <span class='ocrx_word' id='word_1_131' title='bbox 1128 2299 1301 2382; x_wconf 82' lang='lat' dir='ltr'>Fitapayu‚</span> <span class='ocrx_word' id='word_1_132' title='bbox 1324 2319 1380 2382; x_wconf 89' lang='lat' dir='ltr'>per</span> <span class='ocrx_word' id='word_1_133' title='bbox 1406 2299 1576 2360; x_wconf 87' lang='lat' dir='ltr'>servicium</span> <span class='ocrx_word' id='word_1_134' title='bbox 1598 2317 1653 2362; x_wconf 91' lang='lat' dir='ltr'>un.</span> <span class='ocrx_word' id='word_1_135' title='bbox 1671 2297 1694 2362; x_wconf 83' lang='lat' dir='ltr'>f.</span> <span class='ocrx_word' id='word_1_136' title='bbox 1711 2319 1757 2363; x_wconf 91' lang='lat' dir='ltr'>m.</span> 
     </span>
     <span class='ocr_line' id='line_1_17' title="bbox 254 2379 1730 2469; baseline 0.004 -24"><span class='ocrx_word' id='word_1_137' title='bbox 254 2395 390 2465; x_wconf 85' lang='lat' dir='ltr'>excepta</span> <span class='ocrx_word' id='word_1_138' title='bbox 404 2403 469 2446; x_wconf 88' lang='lat' dir='ltr'>una</span> <span class='ocrx_word' id='word_1_139' title='bbox 484 2379 562 2447; x_wconf 92' lang='lat' dir='ltr'>hida</span> <span class='ocrx_word' id='word_1_140' title='bbox 576 2391 661 2452; x_wconf 89' lang='lat' dir='ltr'>terre</span> <span class='ocrx_word' id='word_1_141' title='bbox 677 2385 814 2448; x_wconf 76' lang='lat' dir='ltr'>ecclesie</span> <span class='ocrx_word' id='word_1_142' title='bbox 830 2386 871 2449; x_wconf 89' lang='lat' dir='ltr'>de</span> <span class='ocrx_word' id='word_1_143' title='bbox 888 2389 1043 2450; x_wconf 78' lang='lat' dir='ltr'>Stourton</span> <span class='ocrx_word' id='word_1_144' title='bbox 1060 2406 1196 2466; x_wconf 84' lang='lat' dir='ltr'>annexa,</span> <span class='ocrx_word' id='word_1_145' title='bbox 1212 2407 1274 2469; x_wconf 91' lang='lat' dir='ltr'>que</span> <span class='ocrx_word' id='word_1_146' title='bbox 1290 2399 1340 2450; x_wconf 89' lang='lat' dir='ltr'>est</span> <span class='ocrx_word' id='word_1_147' title='bbox 1355 2392 1469 2449; x_wconf 88' lang='lat' dir='ltr'>octava</span> <span class='ocrx_word' id='word_1_148' title='bbox 1483 2405 1558 2468; x_wconf 86' lang='lat' dir='ltr'>pars</span> <span class='ocrx_word' id='word_1_149' title='bbox 1572 2406 1628 2446; x_wconf 90' lang='lat' dir='ltr'>un.</span> <span class='ocrx_word' id='word_1_150' title='bbox 1644 2383 1667 2448; x_wconf 85' lang='lat' dir='ltr'>f.</span> <span class='ocrx_word' id='word_1_151' title='bbox 1685 2406 1730 2450; x_wconf 90' lang='lat' dir='ltr'>m.</span> 
     </span>
    </p>
   </div>
   <div class='ocr_carea' id='block_1_10' title="bbox 253 2518 1759 2868">
    <p class='ocr_par' dir='ltr' id='par_1_10' title="bbox 253 2518 1759 2868">
     <span class='ocr_line' id='line_1_18' title="bbox 298 2518 1759 2606; baseline 0.002 -24"><span class='ocrx_word' id='word_1_152' title='bbox 298 2518 463 2583; x_wconf 86' lang='lat' dir='ltr'>Johannes</span> <span class='ocrx_word' id='word_1_153' title='bbox 479 2521 663 2606; x_wconf 75' lang='lat' dir='ltr'>tt&#39;astbury,</span> <span class='ocrx_word' id='word_1_154' title='bbox 671 2523 796 2605; x_wconf 89' lang='lat' dir='ltr'>junior,</span> <span class='ocrx_word' id='word_1_155' title='bbox 813 2531 903 2588; x_wconf 89' lang='lat' dir='ltr'>tenet</span> <span class='ocrx_word' id='word_1_156' title='bbox 919 2524 961 2587; x_wconf 86' lang='lat' dir='ltr'>ad</span> <span class='ocrx_word' id='word_1_157' title='bbox 976 2525 1155 2586; x_wconf 89' lang='lat' dir='ltr'>terminum</span> <span class='ocrx_word' id='word_1_158' title='bbox 1171 2525 1240 2586; x_wconf 89' lang='lat' dir='ltr'>vite</span> <span class='ocrx_word' id='word_1_159' title='bbox 1258 2545 1312 2586; x_wconf 89' lang='lat' dir='ltr'>sue</span> <span class='ocrx_word' id='word_1_160' title='bbox 1332 2523 1368 2585; x_wconf 91' lang='lat' dir='ltr'>in</span> <span class='ocrx_word' id='word_1_161' title='bbox 1384 2522 1564 2588; x_wconf 78' lang='lat' dir='ltr'>Barbanna</span> <span class='ocrx_word' id='word_1_162' title='bbox 1580 2523 1621 2586; x_wconf 89' lang='lat' dir='ltr'>de</span> <span class='ocrx_word' id='word_1_163' title='bbox 1635 2521 1759 2586; x_wconf 79' lang='lat' dir='ltr'>&#39;lboma</span> 
     </span>
     <span class='ocr_line' id='line_1_19' title="bbox 256 2606 1759 2691; baseline 0.003 -23"><span class='ocrx_word' id='word_1_164' title='bbox 256 2606 348 2691; x_wconf 80' lang='lat' dir='ltr'>lnge,</span> <span class='ocrx_word' id='word_1_165' title='bbox 364 2627 421 2690; x_wconf 91' lang='lat' dir='ltr'>per</span> <span class='ocrx_word' id='word_1_166' title='bbox 435 2609 599 2672; x_wconf 88' lang='lat' dir='ltr'>redditum</span> <span class='ocrx_word' id='word_1_167' title='bbox 616 2611 730 2672; x_wconf 88' lang='lat' dir='ltr'>decem</span> <span class='ocrx_word' id='word_1_168' title='bbox 746 2631 927 2673; x_wconf 84' lang='lat' dir='ltr'>marcarum</span> <span class='ocrx_word' id='word_1_169' title='bbox 952 2611 1059 2674; x_wconf 89' lang='lat' dir='ltr'>eidem</span> <span class='ocrx_word' id='word_1_170' title='bbox 1086 2611 1210 2673; x_wconf 82' lang='lat' dir='ltr'>Thome</span> <span class='ocrx_word' id='word_1_171' title='bbox 1225 2611 1400 2674; x_wconf 88' lang='lat' dir='ltr'>annuatim</span> <span class='ocrx_word' id='word_1_172' title='bbox 1416 2610 1654 2688; x_wconf 82' lang='lat' dir='ltr'>solvendarum,</span> <span class='ocrx_word' id='word_1_173' title='bbox 1669 2616 1759 2674; x_wconf 85' lang='lat' dir='ltr'>certa</span> 
     </span>
     <span class='ocr_line' id='line_1_20' title="bbox 253 2696 1759 2781; baseline 0.003 -25"><span class='ocrx_word' id='word_1_174' title='bbox 253 2701 353 2756; x_wconf 84' lang='lat' dir='ltr'>terras</span> <span class='ocrx_word' id='word_1_175' title='bbox 362 2701 397 2756; x_wconf 92' lang='lat' dir='ltr'>et</span> <span class='ocrx_word' id='word_1_176' title='bbox 412 2699 611 2774; x_wconf 89' lang='lat' dir='ltr'>tenementa‚</span> <span class='ocrx_word' id='word_1_177' title='bbox 625 2717 686 2781; x_wconf 91' lang='lat' dir='ltr'>que</span> <span class='ocrx_word' id='word_1_178' title='bbox 696 2697 856 2761; x_wconf 89' lang='lat' dir='ltr'>Robertus</span> <span class='ocrx_word' id='word_1_179' title='bbox 868 2697 968 2777; x_wconf 87' lang='lat' dir='ltr'>Calle,</span> <span class='ocrx_word' id='word_1_180' title='bbox 980 2698 1075 2781; x_wconf 90' lang='lat' dir='ltr'>cujus</span> <span class='ocrx_word' id='word_1_181' title='bbox 1087 2697 1177 2762; x_wconf 91' lang='lat' dir='ltr'>heres</span> <span class='ocrx_word' id='word_1_182' title='bbox 1192 2699 1356 2781; x_wconf 86' lang='lat' dir='ltr'>predictus</span> <span class='ocrx_word' id='word_1_183' title='bbox 1367 2696 1509 2761; x_wconf 90' lang='lat' dir='ltr'>Thomas</span> <span class='ocrx_word' id='word_1_184' title='bbox 1524 2704 1585 2774; x_wconf 90' lang='lat' dir='ltr'>est,</span> <span class='ocrx_word' id='word_1_185' title='bbox 1596 2697 1759 2780; x_wconf 87' lang='lat' dir='ltr'>quondam</span> 
     </span>
     <span class='ocr_line' id='line_1_21' title="bbox 256 2781 1188 2868; baseline 0.008 -24"><span class='ocrx_word' id='word_1_186' title='bbox 256 2781 365 2844; x_wconf 91' lang='lat' dir='ltr'>tenuit</span> <span class='ocrx_word' id='word_1_187' title='bbox 379 2781 419 2844; x_wconf 91' lang='lat' dir='ltr'>de</span> <span class='ocrx_word' id='word_1_188' title='bbox 433 2783 555 2847; x_wconf 91' lang='lat' dir='ltr'>comite</span> <span class='ocrx_word' id='word_1_189' title='bbox 571 2783 764 2862; x_wconf 86' lang='lat' dir='ltr'>Ssrrsburie,</span> <span class='ocrx_word' id='word_1_190' title='bbox 782 2805 838 2868; x_wconf 90' lang='lat' dir='ltr'>per</span> <span class='ocrx_word' id='word_1_191' title='bbox 854 2787 1026 2848; x_wconf 89' lang='lat' dir='ltr'>servicium</span> <span class='ocrx_word' id='word_1_192' title='bbox 1042 2786 1087 2849; x_wconf 91' lang='lat' dir='ltr'>di.</span> <span class='ocrx_word' id='word_1_193' title='bbox 1103 2784 1126 2851; x_wconf 83' lang='lat' dir='ltr'>f.</span> <span class='ocrx_word' id='word_1_194' title='bbox 1143 2807 1188 2851; x_wconf 92' lang='lat' dir='ltr'>m.</span> 
     </span>
    </p>
   </div>
   <div class='ocr_carea' id='block_1_11' title="bbox 255 2915 1760 3156">
    <p class='ocr_par' dir='ltr' id='par_1_11' title="bbox 255 2915 1760 3156">
     <span class='ocr_line' id='line_1_22' title="bbox 299 2915 1759 3000; baseline -0.001 -20"><span class='ocrx_word' id='word_1_195' title='bbox 299 2919 392 2982; x_wconf 90' lang='lat' dir='ltr'>Prior</span> <span class='ocrx_word' id='word_1_196' title='bbox 413 2918 454 2982; x_wconf 93' lang='lat' dir='ltr'>de</span> <span class='ocrx_word' id='word_1_197' title='bbox 477 2917 633 3000; x_wconf 87' lang='lat' dir='ltr'>Bradeley</span> <span class='ocrx_word' id='word_1_198' title='bbox 659 2923 752 2979; x_wconf 86' lang='lat' dir='ltr'>tenet</span> <span class='ocrx_word' id='word_1_199' title='bbox 778 2918 970 2980; x_wconf 87' lang='lat' dir='ltr'>immediate</span> <span class='ocrx_word' id='word_1_200' title='bbox 996 2918 1031 2979; x_wconf 93' lang='lat' dir='ltr'>in</span> <span class='ocrx_word' id='word_1_201' title='bbox 1058 2918 1239 2983; x_wconf 81' lang='lat' dir='ltr'>Basnnnav</span> <span class='ocrx_word' id='word_1_202' title='bbox 1255 2917 1295 2980; x_wconf 90' lang='lat' dir='ltr'>de</span> <span class='ocrx_word' id='word_1_203' title='bbox 1318 2918 1438 2980; x_wconf 88' lang='lat' dir='ltr'>comite</span> <span class='ocrx_word' id='word_1_204' title='bbox 1464 2915 1644 2980; x_wconf 73' lang='lat' dir='ltr'>Sarisbmie</span> <span class='ocrx_word' id='word_1_205' title='bbox 1671 2923 1759 2979; x_wconf 90' lang='lat' dir='ltr'>certa</span> 
     </span>
     <span class='ocr_line' id='line_1_23' title="bbox 255 3001 1760 3156; baseline -0.001 -89"><span class='ocrx_word' id='word_1_206' title='bbox 255 3013 370 3156; x_wconf 47' lang='lat'>{2:132</span> <span class='ocrx_word' id='word_1_207' title='bbox 373 3013 427 3156; x_wconf 40' lang='grc' dir='ltr'>υθέ</span> <span class='ocrx_word' id='word_1_208' title='bbox 442 3012 637 3156; x_wconf 48' lang='lat' dir='ltr'>{pnpmnenta</span> <span class='ocrx_word' id='word_1_209' title='bbox 669 3001 832 3104; x_wconf 85' lang='lat' dir='ltr'>quondam</span> <span class='ocrx_word' id='word_1_210' title='bbox 864 3005 1001 3068; x_wconf 92' lang='lat' dir='ltr'>Henrici</span> <span class='ocrx_word' id='word_1_211' title='bbox 1035 3005 1198 3087; x_wconf 83' lang='lat' dir='ltr'>meond</span> <span class='ocrx_word' id='word_1_212' title='bbox 1228 3012 1261 3069; x_wconf 86' lang='lat' dir='ltr'>et</span> <span class='ocrx_word' id='word_1_213' title='bbox 1290 3005 1406 3088; x_wconf 88' lang='lat' dir='ltr'>prioris</span> <span class='ocrx_word' id='word_1_214' title='bbox 1435 3005 1476 3066; x_wconf 91' lang='lat' dir='ltr'>de</span> <span class='ocrx_word' id='word_1_215' title='bbox 1505 3003 1673 3086; x_wconf 88' lang='lat' dir='ltr'>Bradeley‚</span> <span class='ocrx_word' id='word_1_216' title='bbox 1703 3024 1760 3086; x_wconf 89' lang='lat' dir='ltr'>per</span> 
     </span>
    </p>
   </div>
   <div class='ocr_carea' id='block_1_12' title="bbox 255 3225 1758 3488">
    <p class='ocr_par' dir='ltr' id='par_1_12' title="bbox 255 3225 1758 3488">
     <span class='ocr_line' id='line_1_24' title="bbox 299 3225 1758 3315; baseline -0.002 -21"><span class='ocrx_word' id='word_1_217' title='bbox 299 3233 444 3314; x_wconf 84' lang='lat' dir='ltr'>Rogerus</span> <span class='ocrx_word' id='word_1_218' title='bbox 460 3231 602 3309; x_wconf 78' lang='lat' dir='ltr'>Puryton</span> <span class='ocrx_word' id='word_1_219' title='bbox 618 3235 710 3290; x_wconf 81' lang='lat' dir='ltr'>tenet</span> <span class='ocrx_word' id='word_1_220' title='bbox 724 3236 813 3291; x_wconf 88' lang='lat' dir='ltr'>certa</span> <span class='ocrx_word' id='word_1_221' title='bbox 828 3235 930 3292; x_wconf 88' lang='lat' dir='ltr'>terras</span> <span class='ocrx_word' id='word_1_222' title='bbox 945 3237 980 3292; x_wconf 90' lang='lat' dir='ltr'>et</span> <span class='ocrx_word' id='word_1_223' title='bbox 993 3237 1196 3308; x_wconf 79' lang='lat' dir='ltr'>tenemento,</span> <span class='ocrx_word' id='word_1_224' title='bbox 1212 3251 1275 3315; x_wconf 90' lang='lat' dir='ltr'>que</span> <span class='ocrx_word' id='word_1_225' title='bbox 1287 3249 1389 3313; x_wconf 89' lang='lat' dir='ltr'>nuper</span> <span class='ocrx_word' id='word_1_226' title='bbox 1404 3229 1536 3292; x_wconf 86' lang='lat' dir='ltr'>fuerunt</span> <span class='ocrx_word' id='word_1_227' title='bbox 1547 3225 1708 3291; x_wconf 79' lang='lat' dir='ltr'>lobannis</span> <span class='ocrx_word' id='word_1_228' title='bbox 1716 3228 1758 3291; x_wconf 89' lang='lat' dir='ltr'>de</span> 
     </span>
     <span class='ocr_line' id='line_1_25' title="bbox 256 3316 1758 3400; baseline 0 -22"><span class='ocrx_word' id='word_1_229' title='bbox 256 3317 418 3396; x_wconf 86' lang='lat' dir='ltr'>Vernoun,</span> <span class='ocrx_word' id='word_1_230' title='bbox 442 3320 476 3379; x_wconf 92' lang='lat' dir='ltr'>in</span> <span class='ocrx_word' id='word_1_231' title='bbox 503 3317 714 3393; x_wconf 77' lang='lat' dir='ltr'>ervossrorv,</span> <span class='ocrx_word' id='word_1_232' title='bbox 741 3317 781 3380; x_wconf 93' lang='lat' dir='ltr'>de</span> <span class='ocrx_word' id='word_1_233' title='bbox 808 3317 978 3380; x_wconf 89' lang='lat' dir='ltr'>heredibus</span> <span class='ocrx_word' id='word_1_234' title='bbox 1007 3321 1138 3381; x_wconf 86' lang='lat' dir='ltr'>comitis</span> <span class='ocrx_word' id='word_1_235' title='bbox 1169 3316 1349 3395; x_wconf 86' lang='lat' dir='ltr'>Hertordie,</span> <span class='ocrx_word' id='word_1_236' title='bbox 1379 3337 1436 3400; x_wconf 91' lang='lat' dir='ltr'>per</span> <span class='ocrx_word' id='word_1_237' title='bbox 1461 3317 1635 3379; x_wconf 89' lang='lat' dir='ltr'>servicium</span> <span class='ocrx_word' id='word_1_238' title='bbox 1661 3317 1758 3378; x_wconf 87' lang='lat' dir='ltr'>unius</span> 
     </span>
     <span class='ocr_line' id='line_1_26' title="bbox 255 3405 1305 3488; baseline -0.002 -20"><span class='ocrx_word' id='word_1_239' title='bbox 255 3408 340 3488; x_wconf 88' lang='lat' dir='ltr'>paris</span> <span class='ocrx_word' id='word_1_240' title='bbox 354 3406 528 3468; x_wconf 88' lang='lat' dir='ltr'>calcarium</span> <span class='ocrx_word' id='word_1_241' title='bbox 543 3424 599 3486; x_wconf 88' lang='lat' dir='ltr'>pro</span> <span class='ocrx_word' id='word_1_242' title='bbox 614 3405 766 3466; x_wconf 91' lang='lat' dir='ltr'>omnibus</span> <span class='ocrx_word' id='word_1_243' title='bbox 783 3405 927 3466; x_wconf 90' lang='lat' dir='ltr'>serviciis</span> <span class='ocrx_word' id='word_1_244' title='bbox 943 3426 1134 3486; x_wconf 85' lang='lat' dir='ltr'>perannum</span> <span class='ocrx_word' id='word_1_245' title='bbox 1152 3405 1305 3468; x_wconf 89' lang='lat' dir='ltr'>solvendi.</span> 
     </span>
    </p>
   </div>
   <div class='ocr_carea' id='block_1_13' title="bbox 255 3534 1760 3882">
    <p class='ocr_par' dir='ltr' id='par_1_13' title="bbox 255 3534 1760 3882">
     <span class='ocr_line' id='line_1_27' title="bbox 299 3534 1760 3622; baseline -0.001 -23"><span class='ocrx_word' id='word_1_246' title='bbox 299 3536 420 3601; x_wconf 86' lang='lat' dir='ltr'>Dicunt</span> <span class='ocrx_word' id='word_1_247' title='bbox 436 3537 571 3599; x_wconf 86' lang='lat' dir='ltr'>alterius</span> <span class='ocrx_word' id='word_1_248' title='bbox 586 3536 726 3618; x_wconf 85' lang='lat' dir='ltr'>predicti</span> <span class='ocrx_word' id='word_1_249' title='bbox 741 3536 912 3622; x_wconf 84' lang='lat' dir='ltr'>juratores,</span> <span class='ocrx_word' id='word_1_250' title='bbox 925 3538 1010 3622; x_wconf 93' lang='lat' dir='ltr'>quod</span> <span class='ocrx_word' id='word_1_251' title='bbox 1026 3557 1090 3600; x_wconf 89' lang='lat' dir='ltr'>non</span> <span class='ocrx_word' id='word_1_252' title='bbox 1108 3542 1185 3600; x_wconf 91' lang='lat' dir='ltr'>sunt</span> <span class='ocrx_word' id='word_1_253' title='bbox 1201 3537 1264 3598; x_wconf 90' lang='lat' dir='ltr'>alie</span> <span class='ocrx_word' id='word_1_254' title='bbox 1280 3555 1413 3619; x_wconf 90' lang='lat' dir='ltr'>persone</span> <span class='ocrx_word' id='word_1_255' title='bbox 1429 3535 1496 3597; x_wconf 91' lang='lat' dir='ltr'>sive</span> <span class='ocrx_word' id='word_1_256' title='bbox 1511 3540 1660 3598; x_wconf 88' lang='lat' dir='ltr'>tenentes</span> <span class='ocrx_word' id='word_1_257' title='bbox 1675 3534 1760 3597; x_wconf 89' lang='lat' dir='ltr'>inira</span> 
     </span>
     <span class='ocr_line' id='line_1_28' title="bbox 255 3622 1760 3706; baseline -0.001 -20"><span class='ocrx_word' id='word_1_258' title='bbox 255 3623 462 3688; x_wconf 88' lang='lat' dir='ltr'>hundredum</span> <span class='ocrx_word' id='word_1_259' title='bbox 477 3625 659 3706; x_wconf 77' lang='lat' dir='ltr'>predictum</span> <span class='ocrx_word' id='word_1_260' title='bbox 675 3626 788 3686; x_wconf 87' lang='lat' dir='ltr'>seiaite</span> <span class='ocrx_word' id='word_1_261' title='bbox 803 3625 837 3684; x_wconf 93' lang='lat' dir='ltr'>in</span> <span class='ocrx_word' id='word_1_262' title='bbox 853 3625 1018 3687; x_wconf 81' lang='lat' dir='ltr'>dominico</span> <span class='ocrx_word' id='word_1_263' title='bbox 1036 3647 1093 3686; x_wconf 91' lang='lat' dir='ltr'>suo</span> <span class='ocrx_word' id='word_1_264' title='bbox 1109 3623 1301 3687; x_wconf 83' lang='lat' dir='ltr'>immediate</span> <span class='ocrx_word' id='word_1_265' title='bbox 1317 3630 1355 3684; x_wconf 90' lang='lat' dir='ltr'>ut</span> <span class='ocrx_word' id='word_1_266' title='bbox 1370 3623 1410 3685; x_wconf 91' lang='lat' dir='ltr'>de</span> <span class='ocrx_word' id='word_1_267' title='bbox 1434 3622 1537 3685; x_wconf 88' lang='lat' dir='ltr'>libero</span> <span class='ocrx_word' id='word_1_268' title='bbox 1560 3631 1760 3699; x_wconf 87' lang='lat' dir='ltr'>tenemento,</span> 
     </span>
     <span class='ocr_line' id='line_1_29' title="bbox 256 3710 1757 3794; baseline -0.001 -21"><span class='ocrx_word' id='word_1_269' title='bbox 256 3714 342 3775; x_wconf 92' lang='lat' dir='ltr'>unde</span> <span class='ocrx_word' id='word_1_270' title='bbox 356 3713 469 3776; x_wconf 88' lang='lat' dir='ltr'>eedem</span> <span class='ocrx_word' id='word_1_271' title='bbox 485 3711 710 3793; x_wconf 83' lang='lat' dir='ltr'>persone‚sive</span> <span class='ocrx_word' id='word_1_272' title='bbox 725 3718 887 3789; x_wconf 86' lang='lat' dir='ltr'>tenentes,</span> <span class='ocrx_word' id='word_1_273' title='bbox 900 3715 1139 3794; x_wconf 89' lang='lat' dir='ltr'>possessionate</span> <span class='ocrx_word' id='word_1_274' title='bbox 1155 3711 1313 3788; x_wconf 87' lang='lat' dir='ltr'>existunt,</span> <span class='ocrx_word' id='word_1_275' title='bbox 1327 3710 1384 3794; x_wconf 93' lang='lat' dir='ltr'>qui</span> <span class='ocrx_word' id='word_1_276' title='bbox 1395 3717 1506 3772; x_wconf 80' lang='lat' dir='ltr'>tenent</span> <span class='ocrx_word' id='word_1_277' title='bbox 1522 3729 1580 3790; x_wconf 90' lang='lat' dir='ltr'>per</span> <span class='ocrx_word' id='word_1_278' title='bbox 1591 3710 1757 3793; x_wconf 87' lang='lat' dir='ltr'>integrum</span> 
     </span>
     <span class='ocr_line' id='line_1_30' title="bbox 256 3797 1678 3882; baseline -0.001 -21"><span class='ocrx_word' id='word_1_279' title='bbox 256 3800 388 3865; x_wconf 83' lang='lat' dir='ltr'>t&#39;eodum</span> <span class='ocrx_word' id='word_1_280' title='bbox 404 3799 531 3876; x_wconf 90' lang='lat' dir='ltr'>militis,</span> <span class='ocrx_word' id='word_1_281' title='bbox 547 3799 772 3876; x_wconf 85' lang='lat' dir='ltr'>medietatem,</span> <span class='ocrx_word' id='word_1_282' title='bbox 790 3803 937 3875; x_wconf 86' lang='lat' dir='ltr'>terciam,</span> <span class='ocrx_word' id='word_1_283' title='bbox 954 3800 1004 3862; x_wconf 92' lang='lat' dir='ltr'>vel</span> <span class='ocrx_word' id='word_1_284' title='bbox 1020 3807 1182 3882; x_wconf 86' lang='lat' dir='ltr'>quartam,</span> <span class='ocrx_word' id='word_1_285' title='bbox 1198 3809 1324 3881; x_wconf 88' lang='lat' dir='ltr'>partem</span> <span class='ocrx_word' id='word_1_286' title='bbox 1341 3817 1396 3861; x_wconf 92' lang='lat' dir='ltr'>un.</span> <span class='ocrx_word' id='word_1_287' title='bbox 1413 3797 1436 3860; x_wconf 84' lang='lat' dir='ltr'>f.</span> <span class='ocrx_word' id='word_1_288' title='bbox 1454 3817 1498 3860; x_wconf 91' lang='lat' dir='ltr'>m.</span> <span class='ocrx_word' id='word_1_289' title='bbox 1513 3797 1678 3860; x_wconf 88' lang='lat' dir='ltr'>inclusive.</span> 
     </span>
    </p>
   </div>
   <div class='ocr_carea' id='block_1_14' title="bbox 300 3936 831 4023">
    <p class='ocr_par' dir='ltr' id='par_1_14' title="bbox 300 3936 831 4023">
     <span class='ocr_line' id='line_1_31' title="bbox 300 3936 831 4023; baseline 0 -23"><span class='ocrx_word' id='word_1_290' title='bbox 300 3937 341 4000; x_wconf 96' lang='lat' dir='ltr'>In</span> <span class='ocrx_word' id='word_1_291' title='bbox 355 3939 407 4023; x_wconf 85' lang='lat' dir='ltr'>cuj</span> <span class='ocrx_word' id='word_1_292' title='bbox 413 3959 449 4000; x_wconf 93' lang='lat' dir='ltr'>us</span> <span class='ocrx_word' id='word_1_293' title='bbox 463 3938 510 3999; x_wconf 92' lang='lat' dir='ltr'>rei</span> <span class='ocrx_word' id='word_1_294' title='bbox 525 3936 751 3998; x_wconf 86' lang='lat' dir='ltr'>testimonium</span> <span class='ocrx_word' id='word_1_295' title='bbox 767 3943 831 4000; x_wconf 89' lang='lat' dir='ltr'>etc.</span> 
     </span>
    </p>
   </div>
   <div class='ocr_carea' id='block_1_15' title="bbox 727 4171 1236 4180">
    <p class='ocr_par' dir='ltr' id='par_1_15' title="bbox 727 4171 1236 4180">
     <span class='ocr_line' id='line_1_32' title="bbox 727 4171 1236 4180; baseline -0.004 0"><span class='ocrx_word' id='word_1_296' title='bbox 727 4171 1236 4180; x_wconf 72' lang='lat'><strong>———-———--——-—-—---.....-———--—-</strong></span> 
     </span>
    </p>
   </div>
   <div class='ocr_carea' id='block_1_16' title="bbox 686 4332 1326 4402">
    <p class='ocr_par' dir='ltr' id='par_1_16' title="bbox 686 4332 1326 4402">
     <span class='ocr_line' id='line_1_33' title="bbox 686 4332 1326 4402; baseline 0.003 -6"><span class='ocrx_word' id='word_1_297' title='bbox 686 4332 909 4398; x_wconf 78' lang='lat' dir='ltr'>Huuosaouu</span> <span class='ocrx_word' id='word_1_298' title='bbox 932 4354 975 4397; x_wconf 81' lang='lat' dir='ltr'>na</span> <span class='ocrx_word' id='word_1_299' title='bbox 998 4333 1326 4402; x_wconf 85' lang='lat' dir='ltr'><strong>REMMESBURY.</strong></span> 
     </span>
    </p>
   </div>
   <div class='ocr_carea' id='block_1_17' title="bbox 256 4463 1760 5429">
    <p class='ocr_par' dir='ltr' id='par_1_17' title="bbox 256 4463 1760 5429">
     <span class='ocr_line' id='line_1_34' title="bbox 304 4463 1758 4554; baseline -0.002 -22"><span class='ocrx_word' id='word_1_300' title='bbox 304 4471 478 4554; x_wconf 84' lang='lat' dir='ltr'>inquisicio</span> <span class='ocrx_word' id='word_1_301' title='bbox 514 4477 609 4552; x_wconf 86' lang='lat' dir='ltr'>capta</span> <span class='ocrx_word' id='word_1_302' title='bbox 637 4470 724 4552; x_wconf 87' lang='lat' dir='ltr'>apud</span> <span class='ocrx_word' id='word_1_303' title='bbox 756 4469 967 4554; x_wconf 85' lang='lat' dir='ltr'>Marleburgh</span> <span class='ocrx_word' id='word_1_304' title='bbox 998 4471 1051 4534; x_wconf 92' lang='lat' dir='ltr'>die</span> <span class='ocrx_word' id='word_1_305' title='bbox 1081 4473 1172 4534; x_wconf 86' lang='lat' dir='ltr'>Lune</span> <span class='ocrx_word' id='word_1_306' title='bbox 1209 4471 1356 4553; x_wconf 84' lang='lat' dir='ltr'>proximo</span> <span class='ocrx_word' id='word_1_307' title='bbox 1393 4481 1467 4552; x_wconf 88' lang='lat' dir='ltr'>post</span> <span class='ocrx_word' id='word_1_308' title='bbox 1495 4468 1615 4531; x_wconf 79' lang='lat' dir='ltr'>testum</span> <span class='ocrx_word' id='word_1_309' title='bbox 1646 4463 1758 4530; x_wconf 86' lang='lat' dir='ltr'>Sancti</span> 
     </span>
     <span class='ocr_line' id='line_1_35' title="bbox 258 4557 1758 4642; baseline -0.003 -21"><span class='ocrx_word' id='word_1_310' title='bbox 258 4558 403 4621; x_wconf 85' lang='lat' dir='ltr'>Barnabe</span> <span class='ocrx_word' id='word_1_311' title='bbox 427 4557 586 4641; x_wconf 83' lang='lat' dir='ltr'>Apostoli,</span> <span class='ocrx_word' id='word_1_312' title='bbox 609 4577 694 4619; x_wconf 86' lang='lat' dir='ltr'>anno</span> <span class='ocrx_word' id='word_1_313' title='bbox 719 4558 810 4638; x_wconf 83' lang='lat' dir='ltr'>regni</span> <span class='ocrx_word' id='word_1_314' title='bbox 836 4559 924 4641; x_wconf 84' lang='lat' dir='ltr'>regis</span> <span class='ocrx_word' id='word_1_315' title='bbox 950 4557 1088 4620; x_wconf 86' lang='lat' dir='ltr'>Henrici</span> <span class='ocrx_word' id='word_1_316' title='bbox 1113 4559 1197 4621; x_wconf 86' lang='lat' dir='ltr'>sexti</span> <span class='ocrx_word' id='word_1_317' title='bbox 1223 4568 1296 4640; x_wconf 93' lang='lat' dir='ltr'>post</span> <span class='ocrx_word' id='word_1_318' title='bbox 1310 4565 1519 4642; x_wconf 83' lang='lat' dir='ltr'>conquestum</span> <span class='ocrx_word' id='word_1_319' title='bbox 1537 4565 1637 4633; x_wconf 86' lang='lat' dir='ltr'>sexto,</span> <span class='ocrx_word' id='word_1_320' title='bbox 1652 4575 1758 4617; x_wconf 86' lang='lat' dir='ltr'>coram</span> 
     </span>
     <span class='ocr_line' id='line_1_36' title="bbox 257 4641 1760 4728; baseline -0.003 -19"><span class='ocrx_word' id='word_1_321' title='bbox 257 4646 405 4709; x_wconf 87' lang='lat' dir='ltr'>Johanne</span> <span class='ocrx_word' id='word_1_322' title='bbox 432 4645 534 4727; x_wconf 86' lang='lat' dir='ltr'>Payn,</span> <span class='ocrx_word' id='word_1_323' title='bbox 557 4643 699 4706; x_wconf 85' lang='lat' dir='ltr'>Roberto</span> <span class='ocrx_word' id='word_1_324' title='bbox 724 4644 832 4727; x_wconf 83' lang='lat' dir='ltr'>Erley,</span> <span class='ocrx_word' id='word_1_325' title='bbox 857 4643 1007 4708; x_wconf 85' lang='lat' dir='ltr'>Johanne</span> <span class='ocrx_word' id='word_1_326' title='bbox 1032 4645 1164 4728; x_wconf 88' lang='lat' dir='ltr'>Sturmy</span> <span class='ocrx_word' id='word_1_327' title='bbox 1189 4647 1228 4708; x_wconf 92' lang='lat' dir='ltr'>de</span> <span class='ocrx_word' id='word_1_328' title='bbox 1251 4645 1402 4723; x_wconf 82' lang='lat' dir='ltr'>Axelord,</span> <span class='ocrx_word' id='word_1_329' title='bbox 1429 4641 1577 4706; x_wconf 85' lang='lat' dir='ltr'>Johanne</span> <span class='ocrx_word' id='word_1_330' title='bbox 1603 4641 1690 4726; x_wconf 88' lang='lat' dir='ltr'>Bryd</span> <span class='ocrx_word' id='word_1_331' title='bbox 1721 4642 1760 4705; x_wconf 90' lang='lat' dir='ltr'>de</span> 
     </span>
     <span class='ocr_line' id='line_1_37' title="bbox 257 4728 1760 4815; baseline -0.003 -19"><span class='ocrx_word' id='word_1_332' title='bbox 257 4731 478 4814; x_wconf 74' lang='lat' dir='ltr'>Marleburgh,</span> <span class='ocrx_word' id='word_1_333' title='bbox 495 4731 638 4793; x_wconf 86' lang='lat' dir='ltr'>Henrico</span> <span class='ocrx_word' id='word_1_334' title='bbox 652 4730 825 4814; x_wconf 82' lang='lat' dir='ltr'>Bradeley,</span> <span class='ocrx_word' id='word_1_335' title='bbox 839 4730 987 4794; x_wconf 84' lang='lat' dir='ltr'>Johanne</span> <span class='ocrx_word' id='word_1_336' title='bbox 1014 4732 1145 4815; x_wconf 82' lang='lat' dir='ltr'>Sturmy</span> <span class='ocrx_word' id='word_1_337' title='bbox 1162 4733 1201 4794; x_wconf 91' lang='lat' dir='ltr'>de</span> <span class='ocrx_word' id='word_1_338' title='bbox 1221 4731 1478 4808; x_wconf 84' lang='lat' dir='ltr'>Wachenest&#39;eld,</span> <span class='ocrx_word' id='word_1_339' title='bbox 1492 4730 1641 4793; x_wconf 88' lang='lat' dir='ltr'>Johanne</span> <span class='ocrx_word' id='word_1_340' title='bbox 1656 4728 1760 4812; x_wconf 89' lang='lat' dir='ltr'>Buye,</span> 
     </span>
     <span class='ocr_line' id='line_1_38' title="bbox 261 4816 1759 4904; baseline -0.003 -22"><span class='ocrx_word' id='word_1_341' title='bbox 261 4821 423 4882; x_wconf 83' lang='lat' dir='ltr'>Willelmo</span> <span class='ocrx_word' id='word_1_342' title='bbox 441 4819 524 4882; x_wconf 80' lang='lat' dir='ltr'>bord</span> <span class='ocrx_word' id='word_1_343' title='bbox 539 4820 580 4880; x_wconf 90' lang='lat' dir='ltr'>de</span> <span class='ocrx_word' id='word_1_344' title='bbox 594 4818 686 4880; x_wconf 88' lang='lat' dir='ltr'>Nova</span> <span class='ocrx_word' id='word_1_345' title='bbox 702 4817 894 4896; x_wconf 67' lang='lat' dir='ltr'>sarisberiae,</span> <span class='ocrx_word' id='word_1_346' title='bbox 910 4827 944 4880; x_wconf 90' lang='lat' dir='ltr'>et</span> <span class='ocrx_word' id='word_1_347' title='bbox 957 4817 1108 4882; x_wconf 88' lang='lat' dir='ltr'>Johanne</span> <span class='ocrx_word' id='word_1_348' title='bbox 1124 4820 1312 4882; x_wconf 86' lang='lat' dir='ltr'>Mounttort</span> <span class='ocrx_word' id='word_1_349' title='bbox 1326 4820 1366 4881; x_wconf 91' lang='lat' dir='ltr'>de</span> <span class='ocrx_word' id='word_1_350' title='bbox 1382 4819 1449 4902; x_wconf 79' lang='lat' dir='ltr'>Lye</span> <span class='ocrx_word' id='word_1_351' title='bbox 1464 4819 1558 4904; x_wconf 83' lang='lat' dir='ltr'>juxta</span> <span class='ocrx_word' id='word_1_352' title='bbox 1577 4816 1759 4899; x_wconf 83' lang='lat' dir='ltr'>Westbury,</span> 
     </span>
     <span class='ocr_line' id='line_1_39' title="bbox 257 4904 1758 4990; baseline -0.002 -20"><span class='ocrx_word' id='word_1_353' title='bbox 257 4907 482 4970; x_wconf 85' lang='lat' dir='ltr'>collectoribus</span> <span class='ocrx_word' id='word_1_354' title='bbox 498 4905 634 4968; x_wconf 91' lang='lat' dir='ltr'>subsidii</span> <span class='ocrx_word' id='word_1_355' title='bbox 651 4905 777 4967; x_wconf 91' lang='lat' dir='ltr'>domini</span> <span class='ocrx_word' id='word_1_356' title='bbox 792 4908 877 4990; x_wconf 82' lang='lat' dir='ltr'>regis</span> <span class='ocrx_word' id='word_1_357' title='bbox 893 4908 927 4967; x_wconf 93' lang='lat' dir='ltr'>in</span> <span class='ocrx_word' id='word_1_358' title='bbox 942 4909 1104 4969; x_wconf 89' lang='lat' dir='ltr'>comitatu</span> <span class='ocrx_word' id='word_1_359' title='bbox 1122 4907 1250 4982; x_wconf 81' lang='lat' dir='ltr'>Wiltes,</span> <span class='ocrx_word' id='word_1_360' title='bbox 1264 4908 1298 4968; x_wconf 92' lang='lat' dir='ltr'>in</span> <span class='ocrx_word' id='word_1_361' title='bbox 1325 4907 1444 4969; x_wconf 91' lang='lat' dir='ltr'>ultimo</span> <span class='ocrx_word' id='word_1_362' title='bbox 1470 4904 1685 4988; x_wconf 86' lang='lat' dir='ltr'>parliamento</span> <span class='ocrx_word' id='word_1_363' title='bbox 1700 4923 1758 4967; x_wconf 94' lang='lat' dir='ltr'>suo</span> 
     </span>
     <span class='ocr_line' id='line_1_40' title="bbox 256 4992 1759 5078; baseline -0.003 -21"><span class='ocrx_word' id='word_1_364' title='bbox 256 4996 340 5078; x_wconf 86' lang='lat' dir='ltr'>apud</span> <span class='ocrx_word' id='word_1_365' title='bbox 369 4993 695 5056; x_wconf 87' lang='lat' dir='ltr'>Westmonasterium</span> <span class='ocrx_word' id='word_1_366' title='bbox 729 4993 764 5053; x_wconf 93' lang='lat' dir='ltr'>in</span> <span class='ocrx_word' id='word_1_367' title='bbox 791 4994 956 5076; x_wconf 85' lang='lat' dir='ltr'>quindena</span> <span class='ocrx_word' id='word_1_368' title='bbox 985 4995 1098 5056; x_wconf 83' lang='lat' dir='ltr'>Sancti</span> <span class='ocrx_word' id='word_1_369' title='bbox 1128 4992 1300 5057; x_wconf 87' lang='lat' dir='ltr'>Michaelis</span> <span class='ocrx_word' id='word_1_370' title='bbox 1330 4993 1448 5056; x_wconf 89' lang='lat' dir='ltr'>ultimo</span> <span class='ocrx_word' id='word_1_371' title='bbox 1477 4992 1634 5075; x_wconf 84' lang='lat' dir='ltr'>preterita</span> <span class='ocrx_word' id='word_1_372' title='bbox 1665 4997 1759 5053; x_wconf 87' lang='lat' dir='ltr'>tento</span> 
     </span>
     <span class='ocr_line' id='line_1_41' title="bbox 257 5077 1758 5163; baseline -0.004 -19"><span class='ocrx_word' id='word_1_373' title='bbox 257 5082 411 5160; x_wconf 86' lang='lat' dir='ltr'>concessi,</span> <span class='ocrx_word' id='word_1_374' title='bbox 437 5101 494 5162; x_wconf 91' lang='lat' dir='ltr'>per</span> <span class='ocrx_word' id='word_1_375' title='bbox 518 5092 758 5142; x_wconf 82' lang='lat' dir='ltr'>sacramentum</span> <span class='ocrx_word' id='word_1_376' title='bbox 785 5079 934 5142; x_wconf 86' lang='lat' dir='ltr'>Nicholai</span> <span class='ocrx_word' id='word_1_377' title='bbox 958 5080 1063 5158; x_wconf 88' lang='lat' dir='ltr'>Mille,</span> <span class='ocrx_word' id='word_1_378' title='bbox 1090 5080 1252 5143; x_wconf 85' lang='lat' dir='ltr'>Johannis</span> <span class='ocrx_word' id='word_1_379' title='bbox 1276 5077 1431 5163; x_wconf 75' lang='lat' dir='ltr'>Coupere,</span> <span class='ocrx_word' id='word_1_380' title='bbox 1452 5079 1584 5140; x_wconf 85' lang='lat' dir='ltr'>Walteri</span> <span class='ocrx_word' id='word_1_381' title='bbox 1610 5079 1758 5162; x_wconf 82' lang='lat' dir='ltr'>lluryng,</span> 
     </span>
     <span class='ocr_line' id='line_1_42' title="bbox 257 5161 1758 5245; baseline -0.002 -15"><span class='ocrx_word' id='word_1_382' title='bbox 257 5169 379 5232; x_wconf 87' lang='lat' dir='ltr'>Thome</span> <span class='ocrx_word' id='word_1_383' title='bbox 394 5167 585 5243; x_wconf 84' lang='lat' dir='ltr'>ltlilleward,</span> <span class='ocrx_word' id='word_1_384' title='bbox 601 5166 758 5229; x_wconf 85' lang='lat' dir='ltr'>Johannis</span> <span class='ocrx_word' id='word_1_385' title='bbox 772 5176 843 5230; x_wconf 87' lang='lat' dir='ltr'>atte</span> <span class='ocrx_word' id='word_1_386' title='bbox 859 5167 999 5241; x_wconf 72' lang='lat' dir='ltr'>Merme,</span> <span class='ocrx_word' id='word_1_387' title='bbox 1015 5167 1148 5231; x_wconf 70' lang='lat' dir='ltr'>Ricardi</span> <span class='ocrx_word' id='word_1_388' title='bbox 1162 5176 1233 5231; x_wconf 87' lang='lat' dir='ltr'>stte</span> <span class='ocrx_word' id='word_1_389' title='bbox 1253 5169 1373 5243; x_wconf 82' lang='lat' dir='ltr'>water,</span> <span class='ocrx_word' id='word_1_390' title='bbox 1399 5164 1531 5228; x_wconf 86' lang='lat' dir='ltr'>Ricardi</span> <span class='ocrx_word' id='word_1_391' title='bbox 1545 5171 1614 5226; x_wconf 87' lang='lat' dir='ltr'>atte</span> <span class='ocrx_word' id='word_1_392' title='bbox 1630 5161 1758 5245; x_wconf 84' lang='lat' dir='ltr'>Combe,</span> 
     </span>
     <span class='ocr_line' id='line_1_43' title="bbox 257 5249 1758 5337; baseline -0.001 -19"><span class='ocrx_word' id='word_1_393' title='bbox 257 5255 387 5318; x_wconf 83' lang='lat' dir='ltr'>Ricardi</span> <span class='ocrx_word' id='word_1_394' title='bbox 410 5257 519 5331; x_wconf 85' lang='lat' dir='ltr'>Toter,</span> <span class='ocrx_word' id='word_1_395' title='bbox 548 5254 702 5316; x_wconf 86' lang='lat' dir='ltr'>Willslmi</span> <span class='ocrx_word' id='word_1_396' title='bbox 733 5253 832 5330; x_wconf 87' lang='lat' dir='ltr'>Hore,</span> <span class='ocrx_word' id='word_1_397' title='bbox 855 5254 1015 5318; x_wconf 78' lang='lat' dir='ltr'>lobannis</span> <span class='ocrx_word' id='word_1_398' title='bbox 1047 5254 1218 5337; x_wconf 81' lang='lat' dir='ltr'>Fayresax‚</span> <span class='ocrx_word' id='word_1_399' title='bbox 1248 5255 1395 5336; x_wconf 89' lang='lat' dir='ltr'>Philippi</span> <span class='ocrx_word' id='word_1_400' title='bbox 1427 5252 1528 5336; x_wconf 85' lang='lat' dir='ltr'>Pyke,</span> <span class='ocrx_word' id='word_1_401' title='bbox 1559 5259 1594 5314; x_wconf 89' lang='lat' dir='ltr'>et</span> <span class='ocrx_word' id='word_1_402' title='bbox 1623 5249 1758 5316; x_wconf 81' lang='lat' dir='ltr'>Roberti</span> 
     </span>
     <span class='ocr_line' id='line_1_44' title="bbox 257 5339 1756 5429; baseline -0.003 -23"><span class='ocrx_word' id='word_1_403' title='bbox 257 5341 363 5420; x_wconf 83' lang='lat' dir='ltr'>Clerk,</span> <span class='ocrx_word' id='word_1_404' title='bbox 398 5344 593 5429; x_wconf 86' lang='lat' dir='ltr'>juratorum,</span> <span class='ocrx_word' id='word_1_405' title='bbox 623 5341 808 5423; x_wconf 84' lang='lat' dir='ltr'>juratorum</span> <span class='ocrx_word' id='word_1_406' title='bbox 845 5343 884 5405; x_wconf 89' lang='lat' dir='ltr'>de</span> <span class='ocrx_word' id='word_1_407' title='bbox 916 5339 1083 5406; x_wconf 90' lang='lat' dir='ltr'>hundredo</span> <span class='ocrx_word' id='word_1_408' title='bbox 1113 5343 1153 5404; x_wconf 89' lang='lat' dir='ltr'>de</span> <span class='ocrx_word' id='word_1_409' title='bbox 1184 5340 1398 5425; x_wconf 85' lang='lat' dir='ltr'>Remysbury,</span> <span class='ocrx_word' id='word_1_410' title='bbox 1427 5341 1484 5423; x_wconf 90' lang='lat' dir='ltr'>qui</span> <span class='ocrx_word' id='word_1_411' title='bbox 1513 5339 1630 5402; x_wconf 91' lang='lat' dir='ltr'>dicunt</span> <span class='ocrx_word' id='word_1_412' title='bbox 1660 5358 1756 5422; x_wconf 89' lang='lat' dir='ltr'>super</span> 
     </span>
    </p>
   </div>
   <div class='ocr_carea' id='block_1_18' title="bbox 0 0 2054 6116">
    <p class='ocr_par' dir='ltr' id='par_1_18' title="bbox 0 0 2054 6116">
     <span class='ocr_line' id='line_1_45' title="bbox 0 0 2054 6116; baseline 0 0"><span class='ocrx_word' id='word_1_413' title='bbox 0 0 2054 6116; x_wconf 95' lang='lat' dir='ltr'> </span> 
     </span>
    </p>
   </div>
  </div>
 </body>
</html>
