4092 6117
880 622 962 690 A.D.
987 624 1082 689 1428.

770 915 883 984 Rarus
906 935 951 983 nn
974 914 1195 987 PEVENSE.

742 1155 853 1222 Rarus
875 1175 920 1223 nn
943 1154 1222 1227 HASTYNGES.

701 1338 771 1418 (See
785 1338 992 1421 inquisitione
1002 1338 1135 1421 printed
1148 1338 1267 1416 above).

674 1761 1001 1851 [Aacnrnrsconarns
1022 1762 1289 1852 anuusle]

277 1900 457 1986 Inquisicio
477 1904 572 1985 capta
587 1900 675 1985 apnd
690 1901 799 1965 Lenes
813 1902 966 1966 vicesimo
981 1902 1035 1967 die
1051 1902 1133 1965 Maii
1158 1922 1242 1966 anno
1266 1902 1356 1987 regni
1379 1902 1464 1987 regis
1487 1901 1622 1964 Henrici
1648 1900 1730 1962 sexti

231 1994 322 2052 sexto
348 2006 457 2051 coram
485 1988 609 2051 Thoma
638 1988 823 2067 Gramford‚
852 1990 948 2052 Petro
978 1988 1092 2074 Oolpn,
1115 1996 1150 2054 et
1175 1990 1268 2053 sociis
1292 1991 1359 2052 suis
1384 1988 1670 2052 commissionsriis
1696 1991 1730 2049 et

232 2074 457 2138 collectoribus
483 2075 618 2138 subsidii
646 2074 837 2160 parochiani
866 2076 998 2140 domino
1023 2078 1095 2163 regi
1118 2078 1153 2140 in
1177 2078 1296 2140 ultimo
1323 2097 1381 2140 suo
1404 2076 1618 2160 parliamento
1644 2073 1731 2156 apud

233 2161 559 2225 westmonasterium
584 2168 677 2226 tento
699 2165 841 2227 concessi
865 2164 1032 2247 deputatis
1056 2166 1097 2228 de
1119 2164 1279 2229 decanatu
1296 2169 1330 2227 et
1352 2164 1521 2248 prebendis
1542 2163 1578 2226 in
1600 2161 1732 2225 ecclesia

233 2248 405 2334 collegiata
441 2250 483 2313 de
522 2250 614 2318 Susa
651 2250 810 2317 Mannruo
846 2271 883 2314 ac
920 2252 1025 2315 eciam
1055 2252 1095 2315 de
1124 2251 1260 2317 diversis
1289 2251 1362 2314 aliis
1398 2250 1568 2334 prebendis
1598 2248 1734 2312 ecclesie
1770 2312 1775 2322 ,

234 2338 469 2403 Crcnsnaansrs
502 2338 537 2399 in
574 2335 826 2401 archdiaconatn
863 2338 1008 2402 Lewensi
1045 2338 1198 2402 videlicet
1245 2339 1286 2402 de
1332 2337 1552 2418 catnlcellaria
1599 2335 1732 2399 ecclesie

235 2424 480 2491 Oronsrnansrs.
525 2423 660 2487 Necnon
674 2426 716 2487 de
742 2424 905 2507 prebenda
920 2426 1020 2491 Hora
1036 2425 1125 2503 ville,
1139 2425 1303 2510 prebenda
1316 2423 1356 2488 de
1372 2426 1498 2503 Hunsn,
1515 2423 1677 2507 prebenda
1691 2421 1731 2483 de

234 2510 432 2589 Heumann,
462 2510 626 2595 prebenda
653 2512 694 2574 de
727 2511 940 2591 Mrnnamm,
977 2512 1138 2597 prebenda
1166 2513 1207 2576 de
1247 2513 1389 2592 Saroan,
1425 2517 1459 2576 et
1495 2511 1657 2596 prebenda
1693 2509 1733 2570 de

233 2598 450 2664 Wrnuuunou
476 2618 534 2682 per
557 2604 794 2662 sacramentum
821 2598 981 2663 Johannis
1007 2600 1176 2685 Gosselyn,
1202 2598 1361 2664 Johannis
1390 2598 1550 2677 Godman,
1575 2596 1734 2661 Johannis

234 2683 392 2768 Marwyk,
406 2683 565 2748 iohannis
580 2686 711 2770 Erlegh,
728 2686 886 2749 Johannis
911 2686 1048 2766 Howell,
1072 2686 1230 2751 Johannis
1254 2686 1365 2770 Fyret,
1390 2685 1512 2749 Thome
1543 2682 1732 2767 Halywelle,

233 2772 274 2835 de
289 2771 397 2848 liure,
423 2771 625 2836 willelmum
649 2780 719 2836 atte
741 2773 858 2853 Welle,
882 2774 1022 2839 Ricardo
1047 2774 1181 2854 Fotour,
1205 2773 1363 2838 Willelmi
1384 2771 1577 2851 Thecchere,
1602 2769 1734 2833 Ricardi

235 2857 331 2942 Paga,
348 2863 382 2922 et
395 2859 520 2923 Thome
534 2859 731 2941 Winemcre,
747 2861 805 2945 qui
820 2881 894 2925 vcro
908 2861 1007 2947 jurati
1023 2861 1137 2925 dicunt
1153 2882 1248 2945 super
1262 2866 1464 2926 sacramenta
1478 2880 1537 2923 sna
1551 2858 1635 2943 quod
1647 2882 1700 2925 :-

277 3044 429 3109 Predicta
450 3045 628 3112 decanatus
650 3048 844 3111 cancellaria
865 3053 900 3112 ct
937 3049 1075 3113 rebende
1089 3068 1154 3113 non
1170 3054 1248 3112 sunt
1263 3050 1398 3113 ecclesie
1419 3045 1617 3131 parochiales
1631 3066 1735 3133 neque

236 3137 389 3196 taxantur
404 3133 465 3197 sub
479 3132 643 3216 aliquibus
657 3134 800 3198 ecclesiis
815 3069 1064 3219 parociialibus,
1079 3140 1128 3199 set
1143 3137 1321 3199 fundantur
1341 3142 1377 3199 et
1398 3140 1554 3199 taxantur
1576 3135 1616 3197 de
1639 3135 1736 3197 certis

234 3220 446 3304 pencionibus
467 3220 716 3303 temporalibus,
730 3222 857 3285 scilicet
877 3221 970 3286 laicis
991 3223 1106 3303 feodis,
1128 3224 1176 3286 ita
1197 3223 1282 3307 quod
1305 3222 1488 3286 subsidium
1510 3219 1737 3304 parochiarum

235 3325 298 3369 non
312 3313 363 3370 est
377 3305 514 3371 larabile
528 3308 623 3393 juxta
637 3313 748 3371 taram
762 3307 948 3387 eorundem,
960 3317 1069 3393 preter
1084 3312 1170 3393 quod
1185 3311 1321 3375 ecclesia
1337 3311 1376 3373 de
1392 3309 1596 3375 Lrunnnnun
1611 3328 1737 3371 annexa

236 3400 286 3457 eat
300 3395 471 3457 decanatui
486 3394 525 3456 de
540 3394 624 3457 Suth
641 3395 808 3481 Mallyng;
830 3401 865 3458 et
886 3398 1078 3460 cancellaria
1094 3399 1228 3461 ecclesie
1243 3399 1478 3466 Crcnsnnnuam
1495 3402 1623 3457 taxatur
1638 3402 1672 3458 et
1686 3399 1736 3457 est

237 3480 371 3544 ecclesia
394 3479 585 3564 parochialis
606 3484 642 3545 in
663 3503 695 3544 se
720 3484 847 3547 scilicet
869 3483 1004 3547 ecclesia
1025 3485 1067 3547 de
1090 3486 1243 3550 Puvauea
1259 3505 1332 3547 cum
1349 3482 1479 3565 capellis
1495 3483 1535 3545 de
1550 3482 1686 3547 Honsun
1702 3487 1736 3545 et

237 3568 419 3634 Macareus
434 3567 520 3631 infra
534 3567 720 3633 libertatem
736 3571 876 3654 quinque
891 3576 1066 3654 portnnm;
1093 3578 1127 3634 et
1141 3572 1304 3656 prebenda
1318 3571 1358 3633 de
1374 3570 1589 3636 Wrnurunon
1606 3568 1736 3631 taxatur

236 3655 295 3720 snb
322 3656 468 3718 manerio
496 3655 536 3719 dc
560 3656 768 3724 Wrnurusou
793 3666 828 3721 et
853 3657 991 3722 ecclesia
1013 3658 1054 3721 de
1079 3659 1252 3727 Wnsrnau
1276 3678 1338 3745 que
1363 3662 1413 3720 est
1439 3656 1524 3721 inira
1548 3657 1735 3720 libertatem

237 3744 379 3826 quinque
393 3748 557 3824 portuum.

282 3884 321 3947 ln
335 3883 430 3969 cujna
442 3886 491 3947 rei
505 3887 734 3951 testimonium
748 3894 812 3956 etc.

673 4150 677 4157 ’
738 4192 743 4202 ’
779 4174 934 4265 [Bnaons
956 4197 1001 4244 na
1022 4173 1213 4264 LEWES]

284 4310 467 4397 Inquisicio
481 4317 580 4397 capta
593 4313 680 4397 apud
697 4314 804 4378 Lenes
819 4314 874 4377 die
888 4313 1022 4378 Sabbati
1038 4317 1185 4399 proximo
1199 4319 1275 4379 ante
1301 4313 1423 4377 festum
1447 4312 1559 4377 Sancti
1581 4311 1745 4375 Dunstani

240 4418 325 4463 anno
348 4410 412 4464 etc.
433 4405 480 4478 (oe
496 4402 615 4479 nboc·e),
640 4400 682 4464 de
706 4409 740 4464 et
766 4422 862 4485 super
878 4422 953 4465 vero
968 4402 1077 4466 valore
1100 4422 1209 4464 annuo
1224 4402 1429 4465 ecclesiarum
1446 4402 1531 4463 intra
1546 4401 1684 4485 burgum
1700 4399 1742 4461 de

242 4486 361 4551 Lanae
375 4507 439 4549 non
457 4492 643 4550 tarataram
658 4494 692 4557 et
707 4488 882 4573 cujuslibet
897 4489 1032 4552 ecclesie
1054 4490 1177 4552 ibidem
1202 4509 1268 4551 non
1290 4494 1409 4564 tanate,
1433 4509 1491 4572 per
1505 4492 1743 4551 sacramentum

243 4572 400 4636 Willclmi
416 4572 615 4658 Penbregge,
632 4574 792 4659 Stephani
807 4576 963 4659 Drylond,
979 4576 1102 4640 Thome
1117 4575 1242 4647 White,
1257 4573 1415 4639 Johsnnis
1436 4575 1566 4655 Perker,
1583 4572 1743 4639 ‚Iohannis

241 4658 411 4743 Gosselyn,
438 4658 598 4723 Johannis
624 4661 807 4740 Goodman‚
834 4663 964 4726 llicardi
990 4661 1129 4742 Brasier,
1152 4663 1310 4725 Willelmi
1333 4662 1441 4740 Feret,
1460 4662 1618 4725 Johannis
1644 4660 1740 4737 Hert,

241 4747 400 4830 Stephani
430 4746 553 4824 Brenn,
582 4748 726 4811 Simonis
767 4749 937 4830 Sherman,
966 4755 1002 4813 et
1031 4751 1190 4814 Johannis
1219 4749 1376 4827 Kendale,
1406 4751 1462 4833 qui
1495 4751 1611 4813 dicunt
1648 4767 1743 4829 super

241 4838 481 4898 sacramentum
496 4855 589 4897 suum
605 4836 690 4919 qnod
700 4858 754 4897 :-

284 5022 427 5086 Ecclesia
451 5023 571 5089 Sauone
594 5023 700 5090 Parnr
724 5026 811 5089 infra
834 5026 974 5112 burgum
996 5026 1179 5111 predictum
1195 5026 1281 5089 valet
1297 5046 1354 5109 per
1368 5045 1489 5088 annum
1506 5024 1615 5108 lxvja.
1631 5023 1739 5108 vilja.

242 5110 388 5173 Ecclesia
411 5109 554 5177 Onurusr
581 5110 780 5179 Saucnonnu
803 5113 925 5177 ibidem
949 5113 1037 5177 valet
1061 5132 1260 5197 perannum
1285 5114 1397 5198 xvija.
1443 5111 1587 5175 Ecclesia
1616 5110 1742 5178 Sancus

243 5196 355 5263 Maura
370 5196 493 5261 ibidem
508 5197 596 5261 valet
609 5219 666 5283 per
680 5219 802 5262 annum
818 5201 922 5287 xiiia.
939 5200 1040 5288 iiijrt.
1085 5200 1225 5263 Ecclesia
1240 5200 1359 5267 Ssucrr
1370 5201 1509 5265 Annam
1524 5198 1644 5261 ibidem
1656 5198 1743 5262 valet

242 5303 436 5368 perannum
451 5304 538 5349 rue.
583 5284 729 5349 Ecclesia
747 5287 866 5354 Sancnr
882 5288 1071 5354 Mrcnnnurs
1087 5286 1208 5350 ibidem
1223 5285 1310 5348 valet
1324 5306 1382 5370 per
1395 5304 1516 5349 annum
1533 5307 1583 5350 xv.
1593 5308 1618 5349 e.

284 5419 324 5485 ln
338 5422 433 5507 cnjus
448 5421 496 5485 rei
511 5423 737 5487 testimonium
753 5430 814 5490 etc.
