<?xml version="1.0" encoding="UTF-8"?>
<!DOCTYPE html PUBLIC "-//W3C//DTD XHTML 1.0 Transitional//EN"
    "http://www.w3.org/TR/xhtml1/DTD/xhtml1-transitional.dtd">
<html xmlns="http://www.w3.org/1999/xhtml" xml:lang="en" lang="en">
 <head>
  <title>
</title>
<meta http-equiv="Content-Type" content="text/html;charset=utf-8" />
  <meta name='ocr-system' content='tesseract 3.04.00' />
  <meta name='ocr-capabilities' content='ocr_page ocr_carea ocr_par ocr_line ocrx_word'/>
</head>
<body>
  <div class='ocr_page' id='page_1' title='image "./inquisitionsand03offigoog_0286.png"; bbox 0 0 4092 6117; ppageno 0'>
   <div class='ocr_carea' id='block_1_1' title="bbox 279 559 1169 627">
    <p class='ocr_par' dir='ltr' id='par_1_1' title="bbox 279 559 1169 627">
     <span class='ocr_line' id='line_1_1' title="bbox 279 559 1169 627; baseline 0.002 -5"><span class='ocrx_word' id='word_1_1' title='bbox 279 559 344 624; x_wconf 77' lang='lat'>270</span> <span class='ocrx_word' id='word_1_2' title='bbox 899 559 1169 627; x_wconf 81' lang='lat' dir='ltr'><strong>WILTSHIRE.</strong></span> 
     </span>
    </p>
   </div>
   <div class='ocr_carea' id='block_1_2' title="bbox 278 834 1786 1093">
    <p class='ocr_par' dir='ltr' id='par_1_2' title="bbox 278 834 1786 1093">
     <span class='ocr_line' id='line_1_2' title="bbox 322 834 1786 924; baseline 0.001 -27"><span class='ocrx_word' id='word_1_3' title='bbox 322 834 482 919; x_wconf 76' lang='lat' dir='ltr'>Magister</span> <span class='ocrx_word' id='word_1_4' title='bbox 496 835 614 919; x_wconf 86' lang='lat' dir='ltr'>colegii</span> <span class='ocrx_word' id='word_1_5' title='bbox 628 837 670 898; x_wconf 93' lang='lat' dir='ltr'>de</span> <span class='ocrx_word' id='word_1_6' title='bbox 685 835 879 920; x_wconf 81' lang='lat' dir='ltr'>Fodryugey</span> <span class='ocrx_word' id='word_1_7' title='bbox 895 841 988 898; x_wconf 83' lang='lat' dir='ltr'>tenet</span> <span class='ocrx_word' id='word_1_8' title='bbox 1003 837 1197 910; x_wconf 82' lang='lat' dir='ltr'>inmediate,</span> <span class='ocrx_word' id='word_1_9' title='bbox 1212 837 1253 902; x_wconf 87' lang='lat' dir='ltr'>de</span> <span class='ocrx_word' id='word_1_10' title='bbox 1269 858 1333 921; x_wconf 92' lang='lat' dir='ltr'>quo</span> <span class='ocrx_word' id='word_1_11' title='bbox 1348 837 1400 900; x_wconf 90' lang='lat' dir='ltr'>vel</span> <span class='ocrx_word' id='word_1_12' title='bbox 1416 839 1455 902; x_wconf 91' lang='lat' dir='ltr'>de</span> <span class='ocrx_word' id='word_1_13' title='bbox 1482 837 1601 922; x_wconf 89' lang='lat' dir='ltr'>quibus</span> <span class='ocrx_word' id='word_1_14' title='bbox 1625 840 1786 924; x_wconf 82' lang='lat' dir='ltr'>ignorant,</span> 
     </span>
     <span class='ocr_line' id='line_1_3' title="bbox 278 923 1786 1010; baseline 0.001 -26"><span class='ocrx_word' id='word_1_15' title='bbox 278 927 423 984; x_wconf 89' lang='lat' dir='ltr'>maneria</span> <span class='ocrx_word' id='word_1_16' title='bbox 448 923 489 986; x_wconf 82' lang='lat' dir='ltr'>de</span> <span class='ocrx_word' id='word_1_17' title='bbox 514 925 673 988; x_wconf 79' lang='lat' dir='ltr'>Avuauau</span> <span class='ocrx_word' id='word_1_18' title='bbox 700 930 735 986; x_wconf 91' lang='lat' dir='ltr'>et</span> <span class='ocrx_word' id='word_1_19' title='bbox 760 925 932 1002; x_wconf 72' lang='lat' dir='ltr'>Bassum,</span> <span class='ocrx_word' id='word_1_20' title='bbox 957 945 1020 1006; x_wconf 89' lang='lat' dir='ltr'>que</span> <span class='ocrx_word' id='word_1_21' title='bbox 1048 931 1125 988; x_wconf 85' lang='lat' dir='ltr'>suut</span> <span class='ocrx_word' id='word_1_22' title='bbox 1152 926 1315 1008; x_wconf 77' lang='lat' dir='ltr'>prioratus</span> <span class='ocrx_word' id='word_1_23' title='bbox 1342 927 1382 988; x_wconf 88' lang='lat' dir='ltr'>de</span> <span class='ocrx_word' id='word_1_24' title='bbox 1405 927 1570 1010; x_wconf 86' lang='lat' dir='ltr'>Avebury,</span> <span class='ocrx_word' id='word_1_25' title='bbox 1596 947 1654 1010; x_wconf 92' lang='lat' dir='ltr'>pro</span> <span class='ocrx_word' id='word_1_26' title='bbox 1668 925 1786 1008; x_wconf 85' lang='lat' dir='ltr'>quibus</span> 
     </span>
     <span class='ocr_line' id='line_1_4' title="bbox 278 1009 996 1093; baseline 0.006 -22"><span class='ocrx_word' id='word_1_27' title='bbox 278 1009 376 1072; x_wconf 87' lang='lat' dir='ltr'>solvit</span> <span class='ocrx_word' id='word_1_28' title='bbox 390 1009 546 1088; x_wconf 85' lang='lat' dir='ltr'>decimas,</span> <span class='ocrx_word' id='word_1_29' title='bbox 562 1010 692 1093; x_wconf 88' lang='lat' dir='ltr'>quando</span> <span class='ocrx_word' id='word_1_30' title='bbox 708 1011 836 1074; x_wconf 81' lang='lat' dir='ltr'><strong>decime</strong></span> <span class='ocrx_word' id='word_1_31' title='bbox 851 1019 996 1076; x_wconf 88' lang='lat' dir='ltr'>currunt.</span> 
     </span>
    </p>
   </div>
   <div class='ocr_carea' id='block_1_3' title="bbox 277 1146 1786 1402">
    <p class='ocr_par' dir='ltr' id='par_1_3' title="bbox 277 1146 1786 1402">
     <span class='ocr_line' id='line_1_5' title="bbox 320 1146 1785 1233; baseline 0.001 -25"><span class='ocrx_word' id='word_1_32' title='bbox 320 1146 481 1224; x_wconf 81' lang='lat' dir='ltr'>Johsuna,</span> <span class='ocrx_word' id='word_1_33' title='bbox 509 1148 622 1231; x_wconf 85' lang='lat' dir='ltr'>regina</span> <span class='ocrx_word' id='word_1_34' title='bbox 653 1147 782 1229; x_wconf 78' lang='lat' dir='ltr'>huglie,</span> <span class='ocrx_word' id='word_1_35' title='bbox 809 1153 902 1210; x_wconf 90' lang='lat' dir='ltr'>tenet</span> <span class='ocrx_word' id='word_1_36' title='bbox 931 1148 1124 1226; x_wconf 85' lang='lat' dir='ltr'>inmediate,</span> <span class='ocrx_word' id='word_1_37' title='bbox 1154 1149 1194 1211; x_wconf 90' lang='lat' dir='ltr'>de</span> <span class='ocrx_word' id='word_1_38' title='bbox 1225 1168 1290 1230; x_wconf 92' lang='lat' dir='ltr'>quo</span> <span class='ocrx_word' id='word_1_39' title='bbox 1321 1148 1371 1210; x_wconf 86' lang='lat' dir='ltr'>vel</span> <span class='ocrx_word' id='word_1_40' title='bbox 1401 1148 1442 1210; x_wconf 89' lang='lat' dir='ltr'>de</span> <span class='ocrx_word' id='word_1_41' title='bbox 1474 1147 1591 1233; x_wconf 91' lang='lat' dir='ltr'>quibus</span> <span class='ocrx_word' id='word_1_42' title='bbox 1620 1148 1785 1231; x_wconf 86' lang='lat' dir='ltr'>ignorant,</span> 
     </span>
     <span class='ocr_line' id='line_1_6' title="bbox 277 1234 1786 1320; baseline 0 -25"><span class='ocrx_word' id='word_1_43' title='bbox 277 1237 460 1296; x_wconf 87' lang='lat' dir='ltr'>manerium</span> <span class='ocrx_word' id='word_1_44' title='bbox 475 1235 514 1296; x_wconf 88' lang='lat' dir='ltr'>de</span> <span class='ocrx_word' id='word_1_45' title='bbox 530 1234 713 1313; x_wconf 81' lang='lat' dir='ltr'>Gnarsoan,</span> <span class='ocrx_word' id='word_1_46' title='bbox 731 1235 818 1319; x_wconf 93' lang='lat' dir='ltr'>quod</span> <span class='ocrx_word' id='word_1_47' title='bbox 833 1250 971 1318; x_wconf 81' lang='lat' dir='ltr'>estpars</span> <span class='ocrx_word' id='word_1_48' title='bbox 993 1238 1155 1318; x_wconf 81' lang='lat' dir='ltr'>prioratus</span> <span class='ocrx_word' id='word_1_49' title='bbox 1170 1237 1208 1297; x_wconf 92' lang='lat' dir='ltr'>de</span> <span class='ocrx_word' id='word_1_50' title='bbox 1226 1235 1372 1298; x_wconf 83' lang='lat' dir='ltr'>Clatlord</span> <span class='ocrx_word' id='word_1_51' title='bbox 1387 1235 1580 1320; x_wconf 84' lang='lat' dir='ltr'>alienigeni,</span> <span class='ocrx_word' id='word_1_52' title='bbox 1598 1257 1655 1318; x_wconf 93' lang='lat' dir='ltr'>pro</span> <span class='ocrx_word' id='word_1_53' title='bbox 1670 1234 1786 1319; x_wconf 89' lang='lat' dir='ltr'>quibus</span> 
     </span>
     <span class='ocr_line' id='line_1_7' title="bbox 277 1321 998 1402; baseline 0.004 -20"><span class='ocrx_word' id='word_1_54' title='bbox 277 1321 375 1382; x_wconf 89' lang='lat' dir='ltr'>solvit</span> <span class='ocrx_word' id='word_1_55' title='bbox 389 1321 544 1400; x_wconf 91' lang='lat' dir='ltr'>decimas,</span> <span class='ocrx_word' id='word_1_56' title='bbox 561 1322 692 1402; x_wconf 90' lang='lat' dir='ltr'>quaudo</span> <span class='ocrx_word' id='word_1_57' title='bbox 708 1321 834 1384; x_wconf 83' lang='lat' dir='ltr'>decime</span> <span class='ocrx_word' id='word_1_58' title='bbox 851 1333 998 1386; x_wconf 88' lang='lat' dir='ltr'>currunt.</span> 
     </span>
    </p>
   </div>
   <div class='ocr_carea' id='block_1_4' title="bbox 278 1458 1786 1696">
    <p class='ocr_par' dir='ltr' id='par_1_4' title="bbox 278 1458 1786 1696">
     <span class='ocr_line' id='line_1_8' title="bbox 322 1458 1786 1546; baseline 0 -26"><span class='ocrx_word' id='word_1_59' title='bbox 322 1458 477 1522; x_wconf 89' lang='lat' dir='ltr'>Priorissa</span> <span class='ocrx_word' id='word_1_60' title='bbox 492 1460 531 1521; x_wconf 95' lang='lat' dir='ltr'>de</span> <span class='ocrx_word' id='word_1_61' title='bbox 544 1459 764 1542; x_wconf 85' lang='lat' dir='ltr'>Ambresbury</span> <span class='ocrx_word' id='word_1_62' title='bbox 777 1465 868 1521; x_wconf 87' lang='lat' dir='ltr'>tenet</span> <span class='ocrx_word' id='word_1_63' title='bbox 881 1460 1062 1522; x_wconf 86' lang='lat' dir='ltr'>inmediate</span> <span class='ocrx_word' id='word_1_64' title='bbox 1079 1461 1119 1522; x_wconf 92' lang='lat' dir='ltr'>de</span> <span class='ocrx_word' id='word_1_65' title='bbox 1136 1459 1267 1522; x_wconf 91' lang='lat' dir='ltr'>domiuo</span> <span class='ocrx_word' id='word_1_66' title='bbox 1282 1481 1368 1546; x_wconf 83' lang='lat' dir='ltr'>rege,</span> <span class='ocrx_word' id='word_1_67' title='bbox 1379 1463 1415 1522; x_wconf 92' lang='lat' dir='ltr'>in</span> <span class='ocrx_word' id='word_1_68' title='bbox 1433 1481 1547 1542; x_wconf 82' lang='lat' dir='ltr'>puram</span> <span class='ocrx_word' id='word_1_69' title='bbox 1564 1460 1786 1535; x_wconf 79' lang='lat' dir='ltr'>elemosinam,</span> 
     </span>
     <span class='ocr_line' id='line_1_9' title="bbox 278 1547 1784 1632; baseline 0.001 -25"><span class='ocrx_word' id='word_1_70' title='bbox 278 1548 461 1608; x_wconf 86' lang='lat' dir='ltr'>manerium</span> <span class='ocrx_word' id='word_1_71' title='bbox 493 1547 534 1609; x_wconf 91' lang='lat' dir='ltr'>de</span> <span class='ocrx_word' id='word_1_72' title='bbox 565 1547 817 1623; x_wconf 78' lang='lat' dir='ltr'>Rssaaoasrou‚</span> <span class='ocrx_word' id='word_1_73' title='bbox 848 1568 905 1630; x_wconf 89' lang='lat' dir='ltr'>pro</span> <span class='ocrx_word' id='word_1_74' title='bbox 934 1549 1053 1631; x_wconf 89' lang='lat' dir='ltr'>quibus</span> <span class='ocrx_word' id='word_1_75' title='bbox 1086 1551 1154 1626; x_wconf 81' lang='lat' dir='ltr'>(sic)</span> <span class='ocrx_word' id='word_1_76' title='bbox 1188 1547 1285 1610; x_wconf 86' lang='lat' dir='ltr'>solvit</span> <span class='ocrx_word' id='word_1_77' title='bbox 1315 1550 1468 1626; x_wconf 89' lang='lat' dir='ltr'>decimas,</span> <span class='ocrx_word' id='word_1_78' title='bbox 1499 1547 1629 1632; x_wconf 87' lang='lat' dir='ltr'>quando</span> <span class='ocrx_word' id='word_1_79' title='bbox 1659 1547 1784 1609; x_wconf 80' lang='lat' dir='ltr'>decime</span> 
     </span>
     <span class='ocr_line' id='line_1_10' title="bbox 278 1640 425 1696; baseline 0.007 -2"><span class='ocrx_word' id='word_1_80' title='bbox 278 1640 425 1696; x_wconf 91' lang='lat' dir='ltr'>currunt.</span> 
     </span>
    </p>
   </div>
   <div class='ocr_carea' id='block_1_5' title="bbox 277 1771 1783 2012">
    <p class='ocr_par' dir='ltr' id='par_1_5' title="bbox 277 1771 1783 2012">
     <span class='ocr_line' id='line_1_11' title="bbox 322 1771 1782 1856; baseline 0 -23"><span class='ocrx_word' id='word_1_81' title='bbox 322 1771 494 1834; x_wconf 85' lang='lat' dir='ltr'>Abbatissa</span> <span class='ocrx_word' id='word_1_82' title='bbox 508 1771 549 1834; x_wconf 93' lang='lat' dir='ltr'>de</span> <span class='ocrx_word' id='word_1_83' title='bbox 564 1772 687 1837; x_wconf 84' lang='lat' dir='ltr'>Wilton</span> <span class='ocrx_word' id='word_1_84' title='bbox 703 1776 798 1834; x_wconf 87' lang='lat' dir='ltr'>tenet</span> <span class='ocrx_word' id='word_1_85' title='bbox 812 1773 1002 1848; x_wconf 84' lang='lat' dir='ltr'>inmediate,</span> <span class='ocrx_word' id='word_1_86' title='bbox 1017 1773 1058 1834; x_wconf 94' lang='lat' dir='ltr'>de</span> <span class='ocrx_word' id='word_1_87' title='bbox 1074 1793 1148 1856; x_wconf 89' lang='lat' dir='ltr'>quo,</span> <span class='ocrx_word' id='word_1_88' title='bbox 1164 1772 1215 1836; x_wconf 92' lang='lat' dir='ltr'>vel</span> <span class='ocrx_word' id='word_1_89' title='bbox 1230 1773 1271 1835; x_wconf 91' lang='lat' dir='ltr'>de</span> <span class='ocrx_word' id='word_1_90' title='bbox 1287 1773 1416 1854; x_wconf 90' lang='lat' dir='ltr'>quibus,</span> <span class='ocrx_word' id='word_1_91' title='bbox 1431 1773 1597 1856; x_wconf 79' lang='lat' dir='ltr'>ignorent,</span> <span class='ocrx_word' id='word_1_92' title='bbox 1611 1773 1645 1834; x_wconf 90' lang='lat' dir='ltr'>in</span> <span class='ocrx_word' id='word_1_93' title='bbox 1668 1791 1782 1855; x_wconf 89' lang='lat' dir='ltr'>puram</span> 
     </span>
     <span class='ocr_line' id='line_1_12' title="bbox 277 1858 1783 1942; baseline 0.001 -22"><span class='ocrx_word' id='word_1_94' title='bbox 277 1858 499 1937; x_wconf 79' lang='lat' dir='ltr'>elemosinam,</span> <span class='ocrx_word' id='word_1_95' title='bbox 515 1859 696 1922; x_wconf 90' lang='lat' dir='ltr'>manerium</span> <span class='ocrx_word' id='word_1_96' title='bbox 721 1858 760 1921; x_wconf 91' lang='lat' dir='ltr'>de</span> <span class='ocrx_word' id='word_1_97' title='bbox 787 1859 954 1936; x_wconf 72' lang='lat' dir='ltr'>Omeros,</span> <span class='ocrx_word' id='word_1_98' title='bbox 980 1879 1037 1942; x_wconf 92' lang='lat' dir='ltr'>pro</span> <span class='ocrx_word' id='word_1_99' title='bbox 1060 1858 1179 1942; x_wconf 89' lang='lat' dir='ltr'>quibus</span> <span class='ocrx_word' id='word_1_100' title='bbox 1203 1860 1301 1922; x_wconf 87' lang='lat' dir='ltr'>solvit</span> <span class='ocrx_word' id='word_1_101' title='bbox 1326 1861 1479 1938; x_wconf 88' lang='lat' dir='ltr'>decimas,</span> <span class='ocrx_word' id='word_1_102' title='bbox 1507 1859 1634 1942; x_wconf 90' lang='lat' dir='ltr'>quaudo</span> <span class='ocrx_word' id='word_1_103' title='bbox 1660 1860 1783 1922; x_wconf 83' lang='lat' dir='ltr'>decime</span> 
     </span>
     <span class='ocr_line' id='line_1_13' title="bbox 278 1955 426 2012; baseline 0.02 -4"><span class='ocrx_word' id='word_1_104' title='bbox 278 1955 426 2012; x_wconf 87' lang='lat' dir='ltr'>currunt.</span> 
     </span>
    </p>
   </div>
   <div class='ocr_carea' id='block_1_6' title="bbox 253 2078 1784 2428">
    <p class='ocr_par' dir='ltr' id='par_1_6' title="bbox 253 2078 1784 2428">
     <span class='ocr_line' id='line_1_14' title="bbox 321 2078 1784 2163; baseline 0.001 -23"><span class='ocrx_word' id='word_1_105' title='bbox 321 2079 445 2143; x_wconf 89' lang='lat' dir='ltr'>Dicunt</span> <span class='ocrx_word' id='word_1_106' title='bbox 459 2080 564 2141; x_wconf 88' lang='lat' dir='ltr'>eciam</span> <span class='ocrx_word' id='word_1_107' title='bbox 578 2079 737 2163; x_wconf 86' lang='lat' dir='ltr'>juratores</span> <span class='ocrx_word' id='word_1_108' title='bbox 753 2078 863 2161; x_wconf 89' lang='lat' dir='ltr'>predic</span> <span class='ocrx_word' id='word_1_109' title='bbox 881 2081 892 2140; x_wconf 95' lang='lat' dir='ltr'>i</span> <span class='ocrx_word' id='word_1_110' title='bbox 908 2078 993 2163; x_wconf 91' lang='lat' dir='ltr'>quod</span> <span class='ocrx_word' id='word_1_111' title='bbox 1009 2079 1104 2142; x_wconf 86' lang='lat' dir='ltr'>nulle</span> <span class='ocrx_word' id='word_1_112' title='bbox 1115 2084 1191 2143; x_wconf 88' lang='lat' dir='ltr'>suut</span> <span class='ocrx_word' id='word_1_113' title='bbox 1206 2078 1270 2142; x_wconf 91' lang='lat' dir='ltr'>alie</span> <span class='ocrx_word' id='word_1_114' title='bbox 1296 2099 1429 2161; x_wconf 86' lang='lat' dir='ltr'>persone</span> <span class='ocrx_word' id='word_1_115' title='bbox 1456 2081 1522 2141; x_wconf 89' lang='lat' dir='ltr'>sive</span> <span class='ocrx_word' id='word_1_116' title='bbox 1538 2083 1685 2142; x_wconf 87' lang='lat' dir='ltr'>tenentes</span> <span class='ocrx_word' id='word_1_117' title='bbox 1700 2080 1784 2142; x_wconf 83' lang='lat' dir='ltr'>infra</span> 
     </span>
     <span class='ocr_line' id='line_1_15' title="bbox 277 2165 1784 2249; baseline -0.002 -20"><span class='ocrx_word' id='word_1_118' title='bbox 277 2165 482 2230; x_wconf 85' lang='lat' dir='ltr'>hundredum</span> <span class='ocrx_word' id='word_1_119' title='bbox 498 2168 682 2249; x_wconf 88' lang='lat' dir='ltr'>predictum</span> <span class='ocrx_word' id='word_1_120' title='bbox 699 2168 808 2228; x_wconf 87' lang='lat' dir='ltr'>seisite</span> <span class='ocrx_word' id='word_1_121' title='bbox 822 2168 857 2229; x_wconf 93' lang='lat' dir='ltr'>in</span> <span class='ocrx_word' id='word_1_122' title='bbox 874 2167 1037 2229; x_wconf 91' lang='lat' dir='ltr'>dominico</span> <span class='ocrx_word' id='word_1_123' title='bbox 1054 2186 1110 2228; x_wconf 90' lang='lat' dir='ltr'>suo</span> <span class='ocrx_word' id='word_1_124' title='bbox 1137 2167 1313 2229; x_wconf 86' lang='lat' dir='ltr'>inmediste</span> <span class='ocrx_word' id='word_1_125' title='bbox 1339 2178 1377 2230; x_wconf 89' lang='lat' dir='ltr'>ut</span> <span class='ocrx_word' id='word_1_126' title='bbox 1401 2168 1441 2229; x_wconf 89' lang='lat' dir='ltr'>de</span> <span class='ocrx_word' id='word_1_127' title='bbox 1466 2167 1568 2229; x_wconf 90' lang='lat' dir='ltr'>libero</span> <span class='ocrx_word' id='word_1_128' title='bbox 1591 2177 1784 2230; x_wconf 83' lang='lat' dir='ltr'>tenemento</span> 
     </span>
     <span class='ocr_line' id='line_1_16' title="bbox 277 2254 1784 2336; baseline -0.001 -20"><span class='ocrx_word' id='word_1_129' title='bbox 277 2254 364 2316; x_wconf 89' lang='lat' dir='ltr'>unde</span> <span class='ocrx_word' id='word_1_130' title='bbox 376 2255 476 2316; x_wconf 90' lang='lat' dir='ltr'>iidem</span> <span class='ocrx_word' id='word_1_131' title='bbox 492 2275 629 2336; x_wconf 85' lang='lat' dir='ltr'>persone</span> <span class='ocrx_word' id='word_1_132' title='bbox 645 2255 712 2315; x_wconf 90' lang='lat' dir='ltr'>sive</span> <span class='ocrx_word' id='word_1_133' title='bbox 727 2260 875 2315; x_wconf 76' lang='lat' dir='ltr'>tenentes</span> <span class='ocrx_word' id='word_1_134' title='bbox 890 2255 1127 2336; x_wconf 84' lang='lat' dir='ltr'>possessionate</span> <span class='ocrx_word' id='word_1_135' title='bbox 1142 2255 1297 2331; x_wconf 87' lang='lat' dir='ltr'>existunt,</span> <span class='ocrx_word' id='word_1_136' title='bbox 1323 2255 1379 2336; x_wconf 93' lang='lat' dir='ltr'>qui</span> <span class='ocrx_word' id='word_1_137' title='bbox 1401 2261 1514 2316; x_wconf 87' lang='lat' dir='ltr'>teuent</span> <span class='ocrx_word' id='word_1_138' title='bbox 1538 2274 1597 2335; x_wconf 91' lang='lat' dir='ltr'>per</span> <span class='ocrx_word' id='word_1_139' title='bbox 1619 2256 1784 2336; x_wconf 83' lang='lat' dir='ltr'>integrum</span> 
     </span>
     <span class='ocr_line' id='line_1_17' title="bbox 253 2340 1652 2428; baseline 0.003 -26"><span class='ocrx_word' id='word_1_140' title='bbox 253 2420 256 2428; x_wconf 89' lang='lat'><em>.</em></span> <span class='ocrx_word' id='word_1_141' title='bbox 275 2341 408 2404; x_wconf 84' lang='lat' dir='ltr'>feodum</span> <span class='ocrx_word' id='word_1_142' title='bbox 425 2342 541 2404; x_wconf 90' lang='lat' dir='ltr'>militis</span> <span class='ocrx_word' id='word_1_143' title='bbox 559 2340 771 2403; x_wconf 83' lang='lat' dir='ltr'>medietatem</span> <span class='ocrx_word' id='word_1_144' title='bbox 788 2341 922 2403; x_wconf 81' lang='lat' dir='ltr'>terciam</span> <span class='ocrx_word' id='word_1_145' title='bbox 940 2341 988 2403; x_wconf 85' lang='lat' dir='ltr'>vel</span> <span class='ocrx_word' id='word_1_146' title='bbox 1005 2346 1155 2425; x_wconf 89' lang='lat' dir='ltr'>quartam</span> <span class='ocrx_word' id='word_1_147' title='bbox 1172 2351 1298 2424; x_wconf 87' lang='lat' dir='ltr'>partem</span> <span class='ocrx_word' id='word_1_148' title='bbox 1314 2361 1370 2402; x_wconf 89' lang='lat' dir='ltr'>un.</span> <span class='ocrx_word' id='word_1_149' title='bbox 1387 2341 1410 2404; x_wconf 82' lang='lat' dir='ltr'>f.</span> <span class='ocrx_word' id='word_1_150' title='bbox 1426 2362 1470 2406; x_wconf 90' lang='lat' dir='ltr'>m.</span> <span class='ocrx_word' id='word_1_151' title='bbox 1486 2342 1652 2406; x_wconf 83' lang='lat' dir='ltr'>inclusive.</span> 
     </span>
    </p>
   </div>
   <div class='ocr_carea' id='block_1_7' title="bbox 323 2479 855 2563">
    <p class='ocr_par' dir='ltr' id='par_1_7' title="bbox 323 2479 855 2563">
     <span class='ocr_line' id='line_1_18' title="bbox 323 2479 855 2563; baseline 0.004 -23"><span class='ocrx_word' id='word_1_152' title='bbox 323 2479 360 2540; x_wconf 94' lang='lat' dir='ltr'>ln</span> <span class='ocrx_word' id='word_1_153' title='bbox 376 2479 469 2563; x_wconf 86' lang='lat' dir='ltr'>cujus</span> <span class='ocrx_word' id='word_1_154' title='bbox 484 2480 531 2542; x_wconf 90' lang='lat' dir='ltr'>rei</span> <span class='ocrx_word' id='word_1_155' title='bbox 547 2479 775 2541; x_wconf 87' lang='lat' dir='ltr'>testimouium</span> <span class='ocrx_word' id='word_1_156' title='bbox 792 2487 855 2542; x_wconf 89' lang='lat' dir='ltr'>etc.</span> 
     </span>
    </p>
   </div>
   <div class='ocr_carea' id='block_1_8' title="bbox 567 2857 1501 2924">
    <p class='ocr_par' dir='ltr' id='par_1_8' title="bbox 567 2857 1501 2924">
     <span class='ocr_line' id='line_1_19' title="bbox 567 2857 1501 2924; baseline -0.001 -2"><span class='ocrx_word' id='word_1_157' title='bbox 567 2859 759 2922; x_wconf 82' lang='lat' dir='ltr'>Huunasns</span> <span class='ocrx_word' id='word_1_158' title='bbox 782 2879 826 2922; x_wconf 84' lang='lat' dir='ltr'>us</span> <span class='ocrx_word' id='word_1_159' title='bbox 852 2857 1138 2924; x_wconf 80' lang='lat' dir='ltr'>SWANBURGH</span> <span class='ocrx_word' id='word_1_160' title='bbox 1162 2879 1202 2922; x_wconf 82' lang='lat' dir='ltr'>nr</span> <span class='ocrx_word' id='word_1_161' title='bbox 1227 2857 1501 2924; x_wconf 81' lang='lat' dir='ltr'><strong>STOTEFELD.</strong></span> 
     </span>
    </p>
   </div>
   <div class='ocr_carea' id='block_1_9' title="bbox 275 2991 1783 4299">
    <p class='ocr_par' dir='ltr' id='par_1_9' title="bbox 275 2991 1783 4299">
     <span class='ocr_line' id='line_1_20' title="bbox 321 2991 1782 3078; baseline -0.001 -21"><span class='ocrx_word' id='word_1_162' title='bbox 321 2995 498 3078; x_wconf 91' lang='lat' dir='ltr'>Inquisicio</span> <span class='ocrx_word' id='word_1_163' title='bbox 527 3000 622 3077; x_wconf 84' lang='lat' dir='ltr'>capta</span> <span class='ocrx_word' id='word_1_164' title='bbox 651 2994 740 3076; x_wconf 89' lang='lat' dir='ltr'>apud</span> <span class='ocrx_word' id='word_1_165' title='bbox 770 2993 982 3078; x_wconf 79' lang='lat' dir='ltr'>Marleburgh</span> <span class='ocrx_word' id='word_1_166' title='bbox 1013 2996 1066 3058; x_wconf 92' lang='lat' dir='ltr'>die</span> <span class='ocrx_word' id='word_1_167' title='bbox 1099 2996 1189 3057; x_wconf 91' lang='lat' dir='ltr'>Lune</span> <span class='ocrx_word' id='word_1_168' title='bbox 1227 2997 1373 3078; x_wconf 87' lang='lat' dir='ltr'>proxima</span> <span class='ocrx_word' id='word_1_169' title='bbox 1410 3003 1481 3078; x_wconf 89' lang='lat' dir='ltr'>post</span> <span class='ocrx_word' id='word_1_170' title='bbox 1512 2991 1632 3056; x_wconf 83' lang='lat' dir='ltr'>festum</span> <span class='ocrx_word' id='word_1_171' title='bbox 1670 2992 1782 3056; x_wconf 82' lang='lat' dir='ltr'>Sancti</span> 
     </span>
     <span class='ocr_line' id='line_1_21' title="bbox 277 3081 1781 3166; baseline -0.002 -21"><span class='ocrx_word' id='word_1_172' title='bbox 277 3081 424 3146; x_wconf 79' lang='lat' dir='ltr'>Bersabe</span> <span class='ocrx_word' id='word_1_173' title='bbox 439 3083 597 3164; x_wconf 83' lang='lat' dir='ltr'>Apostoli,</span> <span class='ocrx_word' id='word_1_174' title='bbox 614 3101 699 3143; x_wconf 86' lang='lat' dir='ltr'>anno</span> <span class='ocrx_word' id='word_1_175' title='bbox 725 3085 817 3166; x_wconf 88' lang='lat' dir='ltr'>regui</span> <span class='ocrx_word' id='word_1_176' title='bbox 843 3082 928 3166; x_wconf 81' lang='lat' dir='ltr'>regis</span> <span class='ocrx_word' id='word_1_177' title='bbox 955 3083 1088 3144; x_wconf 87' lang='lat' dir='ltr'>Henrici</span> <span class='ocrx_word' id='word_1_178' title='bbox 1117 3084 1199 3145; x_wconf 86' lang='lat' dir='ltr'>sexti</span> <span class='ocrx_word' id='word_1_179' title='bbox 1226 3089 1299 3165; x_wconf 90' lang='lat' dir='ltr'>post</span> <span class='ocrx_word' id='word_1_180' title='bbox 1321 3096 1535 3164; x_wconf 87' lang='lat' dir='ltr'>conquestum</span> <span class='ocrx_word' id='word_1_181' title='bbox 1558 3089 1659 3158; x_wconf 88' lang='lat' dir='ltr'>sexto,</span> <span class='ocrx_word' id='word_1_182' title='bbox 1674 3102 1781 3143; x_wconf 88' lang='lat' dir='ltr'>coram</span> 
     </span>
     <span class='ocr_line' id='line_1_22' title="bbox 276 3167 1783 3252; baseline -0.001 -20"><span class='ocrx_word' id='word_1_183' title='bbox 276 3168 428 3232; x_wconf 88' lang='lat' dir='ltr'>Johanne</span> <span class='ocrx_word' id='word_1_184' title='bbox 454 3168 557 3251; x_wconf 84' lang='lat' dir='ltr'>Payn,</span> <span class='ocrx_word' id='word_1_185' title='bbox 584 3168 723 3232; x_wconf 85' lang='lat' dir='ltr'>Roberto</span> <span class='ocrx_word' id='word_1_186' title='bbox 747 3169 859 3251; x_wconf 83' lang='lat' dir='ltr'>Erley,</span> <span class='ocrx_word' id='word_1_187' title='bbox 882 3167 1035 3232; x_wconf 88' lang='lat' dir='ltr'>Johanne</span> <span class='ocrx_word' id='word_1_188' title='bbox 1062 3172 1194 3252; x_wconf 83' lang='lat' dir='ltr'>Sturmy</span> <span class='ocrx_word' id='word_1_189' title='bbox 1222 3172 1261 3232; x_wconf 90' lang='lat' dir='ltr'>de</span> <span class='ocrx_word' id='word_1_190' title='bbox 1288 3169 1439 3246; x_wconf 80' lang='lat' dir='ltr'>Axelord,</span> <span class='ocrx_word' id='word_1_191' title='bbox 1466 3167 1614 3232; x_wconf 86' lang='lat' dir='ltr'>Johanue</span> <span class='ocrx_word' id='word_1_192' title='bbox 1630 3168 1716 3251; x_wconf 79' lang='lat' dir='ltr'>Bryd</span> <span class='ocrx_word' id='word_1_193' title='bbox 1742 3169 1783 3230; x_wconf 92' lang='lat' dir='ltr'>de</span> 
     </span>
     <span class='ocr_line' id='line_1_23' title="bbox 277 3254 1782 3339; baseline 0 -21"><span class='ocrx_word' id='word_1_194' title='bbox 277 3256 499 3339; x_wconf 81' lang='lat' dir='ltr'>Marleburgh,</span> <span class='ocrx_word' id='word_1_195' title='bbox 517 3257 656 3319; x_wconf 78' lang='lat' dir='ltr'>ilenrico</span> <span class='ocrx_word' id='word_1_196' title='bbox 672 3255 840 3338; x_wconf 87' lang='lat' dir='ltr'>Bradeley,</span> <span class='ocrx_word' id='word_1_197' title='bbox 855 3255 1003 3318; x_wconf 88' lang='lat' dir='ltr'>Johaune</span> <span class='ocrx_word' id='word_1_198' title='bbox 1020 3260 1154 3339; x_wconf 79' lang='lat' dir='ltr'>b&#39;turmy</span> <span class='ocrx_word' id='word_1_199' title='bbox 1170 3258 1209 3320; x_wconf 91' lang='lat' dir='ltr'>de</span> <span class='ocrx_word' id='word_1_200' title='bbox 1226 3255 1479 3334; x_wconf 86' lang='lat' dir='ltr'>Wacheuesleld,</span> <span class='ocrx_word' id='word_1_201' title='bbox 1508 3254 1654 3318; x_wconf 86' lang='lat' dir='ltr'>Johanne</span> <span class='ocrx_word' id='word_1_202' title='bbox 1681 3254 1782 3338; x_wconf 88' lang='lat' dir='ltr'>Buye,</span> 
     </span>
     <span class='ocr_line' id='line_1_24' title="bbox 278 3341 1783 3426; baseline 0 -22"><span class='ocrx_word' id='word_1_203' title='bbox 278 3344 442 3407; x_wconf 90' lang='lat' dir='ltr'>Willelmo</span> <span class='ocrx_word' id='word_1_204' title='bbox 481 3343 566 3404; x_wconf 85' lang='lat' dir='ltr'>Lord</span> <span class='ocrx_word' id='word_1_205' title='bbox 596 3343 637 3405; x_wconf 91' lang='lat' dir='ltr'>de</span> <span class='ocrx_word' id='word_1_206' title='bbox 675 3343 766 3405; x_wconf 88' lang='lat' dir='ltr'>Nova</span> <span class='ocrx_word' id='word_1_207' title='bbox 803 3343 994 3419; x_wconf 86' lang='lat' dir='ltr'>Sarisburia‚</span> <span class='ocrx_word' id='word_1_208' title='bbox 1024 3354 1060 3407; x_wconf 90' lang='lat' dir='ltr'>et</span> <span class='ocrx_word' id='word_1_209' title='bbox 1096 3343 1243 3407; x_wconf 86' lang='lat' dir='ltr'>Johanue</span> <span class='ocrx_word' id='word_1_210' title='bbox 1279 3344 1471 3406; x_wconf 86' lang='lat' dir='ltr'>Mountford</span> <span class='ocrx_word' id='word_1_211' title='bbox 1508 3341 1549 3405; x_wconf 90' lang='lat' dir='ltr'>de</span> <span class='ocrx_word' id='word_1_212' title='bbox 1589 3343 1654 3426; x_wconf 87' lang='lat' dir='ltr'>Lye</span> <span class='ocrx_word' id='word_1_213' title='bbox 1685 3343 1783 3426; x_wconf 87' lang='lat' dir='ltr'>juxta</span> 
     </span>
     <span class='ocr_line' id='line_1_25' title="bbox 282 3428 1781 3514; baseline -0.001 -23"><span class='ocrx_word' id='word_1_214' title='bbox 282 3430 465 3513; x_wconf 87' lang='lat' dir='ltr'>Westbury,</span> <span class='ocrx_word' id='word_1_215' title='bbox 495 3430 723 3492; x_wconf 84' lang='lat' dir='ltr'>collectoribus</span> <span class='ocrx_word' id='word_1_216' title='bbox 753 3430 888 3492; x_wconf 82' lang='lat' dir='ltr'>subsidii</span> <span class='ocrx_word' id='word_1_217' title='bbox 917 3431 1043 3492; x_wconf 92' lang='lat' dir='ltr'>domini</span> <span class='ocrx_word' id='word_1_218' title='bbox 1074 3433 1159 3514; x_wconf 87' lang='lat' dir='ltr'>regis</span> <span class='ocrx_word' id='word_1_219' title='bbox 1189 3435 1224 3494; x_wconf 91' lang='lat' dir='ltr'>iu</span> <span class='ocrx_word' id='word_1_220' title='bbox 1253 3433 1414 3494; x_wconf 85' lang='lat' dir='ltr'>comitatu</span> <span class='ocrx_word' id='word_1_221' title='bbox 1445 3429 1560 3492; x_wconf 92' lang='lat' dir='ltr'>Wiltes</span> <span class='ocrx_word' id='word_1_222' title='bbox 1590 3433 1625 3492; x_wconf 92' lang='lat' dir='ltr'>iu</span> <span class='ocrx_word' id='word_1_223' title='bbox 1664 3428 1781 3491; x_wconf 90' lang='lat' dir='ltr'>ultimo</span> 
     </span>
     <span class='ocr_line' id='line_1_26' title="bbox 278 3515 1783 3602; baseline -0.002 -21"><span class='ocrx_word' id='word_1_224' title='bbox 278 3519 492 3602; x_wconf 87' lang='lat' dir='ltr'>parliamento</span> <span class='ocrx_word' id='word_1_225' title='bbox 518 3537 576 3580; x_wconf 90' lang='lat' dir='ltr'>suo</span> <span class='ocrx_word' id='word_1_226' title='bbox 601 3519 687 3600; x_wconf 88' lang='lat' dir='ltr'>apud</span> <span class='ocrx_word' id='word_1_227' title='bbox 718 3517 1044 3580; x_wconf 75' lang='lat' dir='ltr'>westmonasterium</span> <span class='ocrx_word' id='word_1_228' title='bbox 1075 3521 1109 3580; x_wconf 93' lang='lat' dir='ltr'>in</span> <span class='ocrx_word' id='word_1_229' title='bbox 1135 3519 1302 3599; x_wconf 87' lang='lat' dir='ltr'>quindena</span> <span class='ocrx_word' id='word_1_230' title='bbox 1333 3517 1444 3580; x_wconf 83' lang='lat' dir='ltr'>Sancti</span> <span class='ocrx_word' id='word_1_231' title='bbox 1469 3515 1639 3579; x_wconf 87' lang='lat' dir='ltr'>Michaelis</span> <span class='ocrx_word' id='word_1_232' title='bbox 1664 3517 1783 3578; x_wconf 88' lang='lat' dir='ltr'>ultimo</span> 
     </span>
     <span class='ocr_line' id='line_1_27' title="bbox 277 3603 1781 3688; baseline -0.002 -21"><span class='ocrx_word' id='word_1_233' title='bbox 277 3607 434 3688; x_wconf 87' lang='lat' dir='ltr'>preterita</span> <span class='ocrx_word' id='word_1_234' title='bbox 472 3613 564 3666; x_wconf 88' lang='lat' dir='ltr'>tento</span> <span class='ocrx_word' id='word_1_235' title='bbox 600 3607 753 3682; x_wconf 87' lang='lat' dir='ltr'>concessi,</span> <span class='ocrx_word' id='word_1_236' title='bbox 784 3625 842 3688; x_wconf 83' lang='lat' dir='ltr'>per</span> <span class='ocrx_word' id='word_1_237' title='bbox 879 3611 1119 3668; x_wconf 88' lang='lat' dir='ltr'>sacramentum</span> <span class='ocrx_word' id='word_1_238' title='bbox 1155 3606 1292 3668; x_wconf 85' lang='lat' dir='ltr'>Roberti</span> <span class='ocrx_word' id='word_1_239' title='bbox 1331 3605 1418 3680; x_wconf 90' lang='lat' dir='ltr'>Best,</span> <span class='ocrx_word' id='word_1_240' title='bbox 1448 3603 1609 3666; x_wconf 80' lang='lat' dir='ltr'>Johannis</span> <span class='ocrx_word' id='word_1_241' title='bbox 1638 3603 1781 3681; x_wconf 91' lang='lat' dir='ltr'>Burdon,</span> 
     </span>
     <span class='ocr_line' id='line_1_28' title="bbox 278 3689 1782 3774; baseline -0.003 -16"><span class='ocrx_word' id='word_1_242' title='bbox 278 3691 437 3758; x_wconf 90' lang='lat' dir='ltr'>Willelmi</span> <span class='ocrx_word' id='word_1_243' title='bbox 451 3691 617 3769; x_wconf 90' lang='lat' dir='ltr'>Walrond,</span> <span class='ocrx_word' id='word_1_244' title='bbox 635 3691 776 3754; x_wconf 87' lang='lat' dir='ltr'>Simonis</span> <span class='ocrx_word' id='word_1_245' title='bbox 792 3691 888 3774; x_wconf 84' lang='lat' dir='ltr'>Eyre,</span> <span class='ocrx_word' id='word_1_246' title='bbox 905 3693 1065 3755; x_wconf 84' lang='lat' dir='ltr'>Johannis</span> <span class='ocrx_word' id='word_1_247' title='bbox 1088 3693 1249 3771; x_wconf 85' lang='lat' dir='ltr'>Godman,</span> <span class='ocrx_word' id='word_1_248' title='bbox 1265 3691 1425 3755; x_wconf 87' lang='lat' dir='ltr'>Johannis</span> <span class='ocrx_word' id='word_1_249' title='bbox 1452 3690 1642 3766; x_wconf 87' lang='lat' dir='ltr'>Proveuere‚</span> <span class='ocrx_word' id='word_1_250' title='bbox 1659 3689 1782 3753; x_wconf 74' lang='lat' dir='ltr'>&#39;l&#39;home</span> 
     </span>
     <span class='ocr_line' id='line_1_29' title="bbox 278 3777 1782 3864; baseline -0.002 -22"><span class='ocrx_word' id='word_1_251' title='bbox 278 3781 409 3864; x_wconf 83' lang='lat' dir='ltr'>Hogyn,</span> <span class='ocrx_word' id='word_1_252' title='bbox 424 3777 581 3842; x_wconf 90' lang='lat' dir='ltr'>Johannis</span> <span class='ocrx_word' id='word_1_253' title='bbox 596 3777 726 3861; x_wconf 86' lang='lat' dir='ltr'>Wbyte,</span> <span class='ocrx_word' id='word_1_254' title='bbox 741 3777 901 3842; x_wconf 89' lang='lat' dir='ltr'>Johannis</span> <span class='ocrx_word' id='word_1_255' title='bbox 918 3780 1055 3863; x_wconf 84' lang='lat' dir='ltr'>Sparwe,</span> <span class='ocrx_word' id='word_1_256' title='bbox 1071 3779 1232 3842; x_wconf 87' lang='lat' dir='ltr'>Johannis</span> <span class='ocrx_word' id='word_1_257' title='bbox 1256 3779 1376 3856; x_wconf 82' lang='lat' dir='ltr'>Grove,</span> <span class='ocrx_word' id='word_1_258' title='bbox 1404 3779 1533 3841; x_wconf 90' lang='lat' dir='ltr'>Ricardi</span> <span class='ocrx_word' id='word_1_259' title='bbox 1559 3777 1720 3856; x_wconf 87' lang='lat' dir='ltr'>Dountou,</span> <span class='ocrx_word' id='word_1_260' title='bbox 1747 3786 1782 3840; x_wconf 91' lang='lat' dir='ltr'>et</span> 
     </span>
     <span class='ocr_line' id='line_1_30' title="bbox 278 3863 1781 3950; baseline -0.002 -21"><span class='ocrx_word' id='word_1_261' title='bbox 278 3867 409 3929; x_wconf 86' lang='lat' dir='ltr'>Roberti</span> <span class='ocrx_word' id='word_1_262' title='bbox 427 3866 541 3950; x_wconf 83' lang='lat' dir='ltr'>Bayly,</span> <span class='ocrx_word' id='word_1_263' title='bbox 555 3867 748 3950; x_wconf 83' lang='lat' dir='ltr'>juratorum,</span> <span class='ocrx_word' id='word_1_264' title='bbox 774 3867 956 3950; x_wconf 87' lang='lat' dir='ltr'>juratorum</span> <span class='ocrx_word' id='word_1_265' title='bbox 972 3868 1012 3928; x_wconf 89' lang='lat' dir='ltr'>de</span> <span class='ocrx_word' id='word_1_266' title='bbox 1028 3867 1205 3930; x_wconf 86' lang='lat' dir='ltr'>hundredis</span> <span class='ocrx_word' id='word_1_267' title='bbox 1220 3868 1260 3928; x_wconf 94' lang='lat' dir='ltr'>de</span> <span class='ocrx_word' id='word_1_268' title='bbox 1277 3866 1474 3948; x_wconf 80' lang='lat' dir='ltr'>Suauburgh</span> <span class='ocrx_word' id='word_1_269' title='bbox 1489 3873 1523 3928; x_wconf 91' lang='lat' dir='ltr'>et</span> <span class='ocrx_word' id='word_1_270' title='bbox 1537 3863 1708 3942; x_wconf 85' lang='lat' dir='ltr'>Stoteleld,</span> <span class='ocrx_word' id='word_1_271' title='bbox 1725 3866 1781 3947; x_wconf 92' lang='lat' dir='ltr'>qui</span> 
     </span>
     <span class='ocr_line' id='line_1_31' title="bbox 276 3953 1781 4037; baseline -0.003 -21"><span class='ocrx_word' id='word_1_272' title='bbox 276 3956 392 4017; x_wconf 88' lang='lat' dir='ltr'>dicunt</span> <span class='ocrx_word' id='word_1_273' title='bbox 406 3973 504 4035; x_wconf 89' lang='lat' dir='ltr'>super</span> <span class='ocrx_word' id='word_1_274' title='bbox 519 3962 756 4016; x_wconf 81' lang='lat' dir='ltr'>sacramentum</span> <span class='ocrx_word' id='word_1_275' title='bbox 773 3975 867 4016; x_wconf 88' lang='lat' dir='ltr'>suurn</span> <span class='ocrx_word' id='word_1_276' title='bbox 879 3954 965 4037; x_wconf 92' lang='lat' dir='ltr'>quod</span> <span class='ocrx_word' id='word_1_277' title='bbox 981 3973 1094 4016; x_wconf 91' lang='lat' dir='ltr'>omues</span> <span class='ocrx_word' id='word_1_278' title='bbox 1109 3975 1243 4036; x_wconf 90' lang='lat' dir='ltr'>persone</span> <span class='ocrx_word' id='word_1_279' title='bbox 1259 3957 1292 4016; x_wconf 92' lang='lat' dir='ltr'>iu</span> <span class='ocrx_word' id='word_1_280' title='bbox 1309 3955 1373 4016; x_wconf 85' lang='lat' dir='ltr'>ista</span> <span class='ocrx_word' id='word_1_281' title='bbox 1388 3953 1602 4035; x_wconf 89' lang='lat' dir='ltr'>inquisicioue</span> <span class='ocrx_word' id='word_1_282' title='bbox 1614 3955 1781 4014; x_wconf 88' lang='lat' dir='ltr'>nominate</span> 
     </span>
     <span class='ocr_line' id='line_1_32' title="bbox 275 4040 1780 4125; baseline -0.003 -21"><span class='ocrx_word' id='word_1_283' title='bbox 275 4048 353 4104; x_wconf 89' lang='lat' dir='ltr'>sunt</span> <span class='ocrx_word' id='word_1_284' title='bbox 377 4041 499 4116; x_wconf 79' lang='lat' dir='ltr'>seisite,</span> <span class='ocrx_word' id='word_1_285' title='bbox 514 4049 549 4104; x_wconf 90' lang='lat' dir='ltr'>et</span> <span class='ocrx_word' id='word_1_286' title='bbox 572 4042 816 4122; x_wconf 87' lang='lat' dir='ltr'>possessiouate,</span> <span class='ocrx_word' id='word_1_287' title='bbox 831 4048 864 4103; x_wconf 89' lang='lat' dir='ltr'>et</span> <span class='ocrx_word' id='word_1_288' title='bbox 891 4062 1002 4103; x_wconf 91' lang='lat' dir='ltr'>eorum</span> <span class='ocrx_word' id='word_1_289' title='bbox 1029 4041 1173 4125; x_wconf 88' lang='lat' dir='ltr'>quelibet</span> <span class='ocrx_word' id='word_1_290' title='bbox 1202 4049 1251 4104; x_wconf 81' lang='lat' dir='ltr'>eet</span> <span class='ocrx_word' id='word_1_291' title='bbox 1278 4042 1391 4104; x_wconf 87' lang='lat' dir='ltr'>seisita</span> <span class='ocrx_word' id='word_1_292' title='bbox 1412 4048 1447 4103; x_wconf 90' lang='lat' dir='ltr'>et</span> <span class='ocrx_word' id='word_1_293' title='bbox 1471 4041 1718 4121; x_wconf 69' lang='lat' dir='ltr'>possessiouem,</span> <span class='ocrx_word' id='word_1_294' title='bbox 1738 4040 1780 4101; x_wconf 90' lang='lat' dir='ltr'>de</span> 
     </span>
     <span class='ocr_line' id='line_1_33' title="bbox 275 4127 1781 4206; baseline -0.002 -15"><span class='ocrx_word' id='word_1_295' title='bbox 275 4129 371 4191; x_wconf 86' lang='lat' dir='ltr'>terris</span> <span class='ocrx_word' id='word_1_296' title='bbox 384 4135 419 4191; x_wconf 91' lang='lat' dir='ltr'>et</span> <span class='ocrx_word' id='word_1_297' title='bbox 432 4128 631 4190; x_wconf 88' lang='lat' dir='ltr'>tenementis</span> <span class='ocrx_word' id='word_1_298' title='bbox 646 4129 680 4189; x_wconf 92' lang='lat' dir='ltr'>iu</span> <span class='ocrx_word' id='word_1_299' title='bbox 697 4127 861 4190; x_wconf 91' lang='lat' dir='ltr'>dominico</span> <span class='ocrx_word' id='word_1_300' title='bbox 876 4148 934 4190; x_wconf 87' lang='lat' dir='ltr'>suo</span> <span class='ocrx_word' id='word_1_301' title='bbox 949 4138 986 4191; x_wconf 91' lang='lat' dir='ltr'>ut</span> <span class='ocrx_word' id='word_1_302' title='bbox 1002 4129 1043 4191; x_wconf 88' lang='lat' dir='ltr'>de</span> <span class='ocrx_word' id='word_1_303' title='bbox 1060 4129 1160 4191; x_wconf 92' lang='lat' dir='ltr'>libero</span> <span class='ocrx_word' id='word_1_304' title='bbox 1187 4134 1383 4206; x_wconf 87' lang='lat' dir='ltr'>tenemento,</span> <span class='ocrx_word' id='word_1_305' title='bbox 1401 4135 1435 4188; x_wconf 93' lang='lat' dir='ltr'>et</span> <span class='ocrx_word' id='word_1_306' title='bbox 1461 4133 1577 4190; x_wconf 87' lang='lat' dir='ltr'>tenent</span> <span class='ocrx_word' id='word_1_307' title='bbox 1603 4147 1660 4190; x_wconf 91' lang='lat' dir='ltr'>seu</span> <span class='ocrx_word' id='word_1_308' title='bbox 1683 4133 1781 4189; x_wconf 86' lang='lat' dir='ltr'>tenet</span> 
     </span>
     <span class='ocr_line' id='line_1_34' title="bbox 276 4213 1141 4299; baseline 0 -21"><span class='ocrx_word' id='word_1_309' title='bbox 276 4215 371 4279; x_wconf 88' lang='lat' dir='ltr'>modo</span> <span class='ocrx_word' id='word_1_310' title='bbox 386 4220 421 4279; x_wconf 85' lang='lat' dir='ltr'>et</span> <span class='ocrx_word' id='word_1_311' title='bbox 435 4213 539 4277; x_wconf 83' lang='lat' dir='ltr'>forma</span> <span class='ocrx_word' id='word_1_312' title='bbox 553 4215 611 4297; x_wconf 91' lang='lat' dir='ltr'>qui</span> <span class='ocrx_word' id='word_1_313' title='bbox 626 4220 794 4299; x_wconf 84' lang='lat' dir='ltr'>sequntur,</span> <span class='ocrx_word' id='word_1_314' title='bbox 810 4215 975 4294; x_wconf 84' lang='lat' dir='ltr'>videlicet,</span> <span class='ocrx_word' id='word_1_315' title='bbox 992 4217 1076 4298; x_wconf 92' lang='lat' dir='ltr'>quod</span> <span class='ocrx_word' id='word_1_316' title='bbox 1088 4237 1141 4278; x_wconf 92' lang='lat'>:-</span> 
     </span>
    </p>
   </div>
   <div class='ocr_carea' id='block_1_10' title="bbox 720 4403 1333 4472">
    <p class='ocr_par' dir='ltr' id='par_1_10' title="bbox 720 4403 1333 4472">
     <span class='ocr_line' id='line_1_35' title="bbox 720 4403 1333 4472; baseline 0.002 -5"><span class='ocrx_word' id='word_1_317' title='bbox 720 4403 942 4469; x_wconf 82' lang='lat' dir='ltr'>Huunsanuu</span> <span class='ocrx_word' id='word_1_318' title='bbox 965 4425 1009 4468; x_wconf 85' lang='lat' dir='ltr'>uu</span> <span class='ocrx_word' id='word_1_319' title='bbox 1034 4403 1333 4472; x_wconf 86' lang='lat' dir='ltr'><strong>SWANBURGH.</strong></span> 
     </span>
    </p>
   </div>
   <div class='ocr_carea' id='block_1_11' title="bbox 273 4537 1782 4800">
    <p class='ocr_par' dir='ltr' id='par_1_11' title="bbox 273 4537 1782 4800">
     <span class='ocr_line' id='line_1_36' title="bbox 318 4537 1782 4627; baseline 0 -24"><span class='ocrx_word' id='word_1_320' title='bbox 318 4537 432 4603; x_wconf 86' lang='lat' dir='ltr'>Custos</span> <span class='ocrx_word' id='word_1_321' title='bbox 457 4545 491 4603; x_wconf 90' lang='lat' dir='ltr'>et</span> <span class='ocrx_word' id='word_1_322' title='bbox 516 4539 652 4602; x_wconf 89' lang='lat' dir='ltr'>scolares</span> <span class='ocrx_word' id='word_1_323' title='bbox 675 4541 804 4625; x_wconf 84' lang='lat' dir='ltr'>collegii</span> <span class='ocrx_word' id='word_1_324' title='bbox 829 4545 934 4606; x_wconf 89' lang='lat' dir='ltr'>vocati</span> <span class='ocrx_word' id='word_1_325' title='bbox 958 4543 1060 4625; x_wconf 85' lang='lat' dir='ltr'>Seyut</span> <span class='ocrx_word' id='word_1_326' title='bbox 1076 4543 1170 4625; x_wconf 87' lang='lat' dir='ltr'>Mary</span> <span class='ocrx_word' id='word_1_327' title='bbox 1186 4543 1316 4627; x_wconf 84' lang='lat' dir='ltr'>College</span> <span class='ocrx_word' id='word_1_328' title='bbox 1331 4543 1367 4606; x_wconf 87' lang='lat' dir='ltr'>ol</span> <span class='ocrx_word' id='word_1_329' title='bbox 1380 4541 1589 4624; x_wconf 86' lang='lat' dir='ltr'>Wyncbestre</span> <span class='ocrx_word' id='word_1_330' title='bbox 1602 4541 1638 4603; x_wconf 94' lang='lat' dir='ltr'>iu</span> <span class='ocrx_word' id='word_1_331' title='bbox 1655 4538 1782 4604; x_wconf 87' lang='lat' dir='ltr'>Oxouia</span> 
     </span>
     <span class='ocr_line' id='line_1_37' title="bbox 274 4626 1778 4715; baseline 0 -25"><span class='ocrx_word' id='word_1_332' title='bbox 274 4633 388 4690; x_wconf 86' lang='lat' dir='ltr'>tenent</span> <span class='ocrx_word' id='word_1_333' title='bbox 409 4626 597 4704; x_wconf 89' lang='lat' dir='ltr'>inmediate,</span> <span class='ocrx_word' id='word_1_334' title='bbox 613 4629 653 4690; x_wconf 91' lang='lat' dir='ltr'>de</span> <span class='ocrx_word' id='word_1_335' title='bbox 675 4648 739 4712; x_wconf 89' lang='lat' dir='ltr'>quo</span> <span class='ocrx_word' id='word_1_336' title='bbox 765 4630 815 4692; x_wconf 87' lang='lat' dir='ltr'>vel</span> <span class='ocrx_word' id='word_1_337' title='bbox 838 4630 878 4693; x_wconf 92' lang='lat' dir='ltr'>de</span> <span class='ocrx_word' id='word_1_338' title='bbox 904 4632 1023 4713; x_wconf 90' lang='lat' dir='ltr'>quibus</span> <span class='ocrx_word' id='word_1_339' title='bbox 1049 4633 1210 4715; x_wconf 85' lang='lat' dir='ltr'>ignorant,</span> <span class='ocrx_word' id='word_1_340' title='bbox 1234 4643 1324 4693; x_wconf 90' lang='lat' dir='ltr'>certa</span> <span class='ocrx_word' id='word_1_341' title='bbox 1349 4639 1450 4693; x_wconf 87' lang='lat' dir='ltr'>terras</span> <span class='ocrx_word' id='word_1_342' title='bbox 1477 4636 1510 4691; x_wconf 91' lang='lat' dir='ltr'>et</span> <span class='ocrx_word' id='word_1_343' title='bbox 1534 4633 1721 4690; x_wconf 89' lang='lat' dir='ltr'>tenementa</span> <span class='ocrx_word' id='word_1_344' title='bbox 1744 4630 1778 4690; x_wconf 92' lang='lat' dir='ltr'>in</span> 
     </span>
     <span class='ocr_line' id='line_1_38' title="bbox 273 4716 1573 4800; baseline 0.001 -21"><span class='ocrx_word' id='word_1_345' title='bbox 273 4716 463 4792; x_wconf 82' lang='lat' dir='ltr'>Aaauarou,</span> <span class='ocrx_word' id='word_1_346' title='bbox 480 4734 543 4798; x_wconf 91' lang='lat' dir='ltr'>que</span> <span class='ocrx_word' id='word_1_347' title='bbox 559 4734 661 4797; x_wconf 90' lang='lat' dir='ltr'>nuper</span> <span class='ocrx_word' id='word_1_348' title='bbox 676 4719 809 4779; x_wconf 75' lang='lat' dir='ltr'>fuerunt</span> <span class='ocrx_word' id='word_1_349' title='bbox 826 4716 976 4780; x_wconf 87' lang='lat' dir='ltr'>Nioholai</span> <span class='ocrx_word' id='word_1_350' title='bbox 993 4718 1138 4800; x_wconf 64' lang='lat' dir='ltr'>Minyis,</span> <span class='ocrx_word' id='word_1_351' title='bbox 1156 4739 1212 4800; x_wconf 90' lang='lat' dir='ltr'>per</span> <span class='ocrx_word' id='word_1_352' title='bbox 1227 4717 1400 4780; x_wconf 87' lang='lat' dir='ltr'>servicium</span> <span class='ocrx_word' id='word_1_353' title='bbox 1417 4737 1471 4782; x_wconf 89' lang='lat' dir='ltr'>uu.</span> <span class='ocrx_word' id='word_1_354' title='bbox 1487 4716 1511 4780; x_wconf 90' lang='lat' dir='ltr'>f.</span> <span class='ocrx_word' id='word_1_355' title='bbox 1527 4737 1573 4780; x_wconf 88' lang='lat' dir='ltr'>m.</span> 
     </span>
    </p>
   </div>
   <div class='ocr_carea' id='block_1_12' title="bbox 272 4849 1780 5110">
    <p class='ocr_par' dir='ltr' id='par_1_12' title="bbox 272 4849 1780 5110">
     <span class='ocr_line' id='line_1_39' title="bbox 315 4849 1780 4939; baseline -0.003 -24"><span class='ocrx_word' id='word_1_356' title='bbox 315 4849 475 4928; x_wconf 87' lang='lat' dir='ltr'>Johanua,</span> <span class='ocrx_word' id='word_1_357' title='bbox 491 4850 560 4912; x_wconf 89' lang='lat' dir='ltr'>filia</span> <span class='ocrx_word' id='word_1_358' title='bbox 585 4849 747 4914; x_wconf 88' lang='lat' dir='ltr'>Johannis</span> <span class='ocrx_word' id='word_1_359' title='bbox 771 4852 1029 4939; x_wconf 84' lang='lat' dir='ltr'>Colyngbourne,</span> <span class='ocrx_word' id='word_1_360' title='bbox 1054 4860 1146 4918; x_wconf 84' lang='lat' dir='ltr'>tenet</span> <span class='ocrx_word' id='word_1_361' title='bbox 1160 4854 1340 4917; x_wconf 90' lang='lat' dir='ltr'>inmediate</span> <span class='ocrx_word' id='word_1_362' title='bbox 1357 4853 1397 4916; x_wconf 89' lang='lat' dir='ltr'>de</span> <span class='ocrx_word' id='word_1_363' title='bbox 1412 4853 1533 4915; x_wconf 88' lang='lat' dir='ltr'>comite</span> <span class='ocrx_word' id='word_1_364' title='bbox 1550 4851 1724 4928; x_wconf 78' lang='lat' dir='ltr'>Warrwici,</span> <span class='ocrx_word' id='word_1_365' title='bbox 1741 4857 1780 4911; x_wconf 92' lang='lat' dir='ltr'>ut</span> 
     </span>
     <span class='ocr_line' id='line_1_40' title="bbox 273 4937 1779 5024; baseline -0.003 -22"><span class='ocrx_word' id='word_1_366' title='bbox 273 4939 312 5002; x_wconf 93' lang='lat' dir='ltr'>de</span> <span class='ocrx_word' id='word_1_367' title='bbox 328 4939 469 5001; x_wconf 86' lang='lat' dir='ltr'>manerio</span> <span class='ocrx_word' id='word_1_368' title='bbox 485 4958 543 5000; x_wconf 89' lang='lat' dir='ltr'>suo</span> <span class='ocrx_word' id='word_1_369' title='bbox 558 4938 599 5000; x_wconf 93' lang='lat' dir='ltr'>de</span> <span class='ocrx_word' id='word_1_370' title='bbox 615 4937 775 5023; x_wconf 85' lang='lat' dir='ltr'>Chyryell,</span> <span class='ocrx_word' id='word_1_371' title='bbox 793 4949 881 5003; x_wconf 88' lang='lat' dir='ltr'>certa</span> <span class='ocrx_word' id='word_1_372' title='bbox 905 4953 1009 5005; x_wconf 89' lang='lat' dir='ltr'>terras</span> <span class='ocrx_word' id='word_1_373' title='bbox 1034 4949 1068 5005; x_wconf 88' lang='lat' dir='ltr'>et</span> <span class='ocrx_word' id='word_1_374' title='bbox 1095 4949 1282 5005; x_wconf 79' lang='lat' dir='ltr'>tenemento</span> <span class='ocrx_word' id='word_1_375' title='bbox 1297 4942 1331 5003; x_wconf 90' lang='lat' dir='ltr'>iu</span> <span class='ocrx_word' id='word_1_376' title='bbox 1350 4941 1579 5017; x_wconf 80' lang='lat' dir='ltr'>Wonauuauu,</span> <span class='ocrx_word' id='word_1_377' title='bbox 1596 4957 1658 5024; x_wconf 90' lang='lat' dir='ltr'>que</span> <span class='ocrx_word' id='word_1_378' title='bbox 1674 4956 1779 5020; x_wconf 90' lang='lat' dir='ltr'>nuper</span> 
     </span>
     <span class='ocr_line' id='line_1_41' title="bbox 272 5023 1178 5110; baseline 0.006 -22"><span class='ocrx_word' id='word_1_379' title='bbox 272 5028 407 5090; x_wconf 85' lang='lat' dir='ltr'>fuerunt</span> <span class='ocrx_word' id='word_1_380' title='bbox 421 5023 579 5089; x_wconf 90' lang='lat' dir='ltr'>Johannis</span> <span class='ocrx_word' id='word_1_381' title='bbox 595 5026 741 5105; x_wconf 84' lang='lat' dir='ltr'>Clavirle,</span> <span class='ocrx_word' id='word_1_382' title='bbox 758 5048 815 5110; x_wconf 90' lang='lat' dir='ltr'>per</span> <span class='ocrx_word' id='word_1_383' title='bbox 830 5030 1003 5092; x_wconf 89' lang='lat' dir='ltr'>servicium</span> <span class='ocrx_word' id='word_1_384' title='bbox 1020 5050 1077 5094; x_wconf 91' lang='lat' dir='ltr'>un.</span> <span class='ocrx_word' id='word_1_385' title='bbox 1094 5028 1117 5094; x_wconf 83' lang='lat' dir='ltr'>l.</span> <span class='ocrx_word' id='word_1_386' title='bbox 1134 5050 1178 5093; x_wconf 88' lang='lat' dir='ltr'>m.</span> 
     </span>
    </p>
   </div>
   <div class='ocr_carea' id='block_1_13' title="bbox 272 5162 1780 5427">
    <p class='ocr_par' dir='ltr' id='par_1_13' title="bbox 272 5162 1780 5427">
     <span class='ocr_line' id='line_1_42' title="bbox 318 5162 1780 5250; baseline -0.003 -21"><span class='ocrx_word' id='word_1_387' title='bbox 318 5163 503 5228; x_wconf 85' lang='lat' dir='ltr'>Willelmus</span> <span class='ocrx_word' id='word_1_388' title='bbox 540 5162 658 5245; x_wconf 79' lang='lat' dir='ltr'>Floyer</span> <span class='ocrx_word' id='word_1_389' title='bbox 694 5169 785 5226; x_wconf 90' lang='lat' dir='ltr'>tenet</span> <span class='ocrx_word' id='word_1_390' title='bbox 814 5165 850 5226; x_wconf 93' lang='lat' dir='ltr'>in</span> <span class='ocrx_word' id='word_1_391' title='bbox 881 5167 1011 5250; x_wconf 79' lang='lat' dir='ltr'>socagio</span> <span class='ocrx_word' id='word_1_392' title='bbox 1040 5166 1081 5229; x_wconf 88' lang='lat' dir='ltr'>de</span> <span class='ocrx_word' id='word_1_393' title='bbox 1112 5167 1231 5228; x_wconf 86' lang='lat' dir='ltr'>bonore</span> <span class='ocrx_word' id='word_1_394' title='bbox 1269 5163 1456 5247; x_wconf 84' lang='lat' dir='ltr'>Le&#39;ycestrie</span> <span class='ocrx_word' id='word_1_395' title='bbox 1493 5167 1581 5226; x_wconf 86' lang='lat' dir='ltr'>certa</span> <span class='ocrx_word' id='word_1_396' title='bbox 1611 5168 1711 5224; x_wconf 84' lang='lat' dir='ltr'>terras</span> <span class='ocrx_word' id='word_1_397' title='bbox 1744 5169 1780 5226; x_wconf 87' lang='lat' dir='ltr'>et</span> 
     </span>
     <span class='ocr_line' id='line_1_43' title="bbox 274 5249 1775 5338; baseline 0.001 -25"><span class='ocrx_word' id='word_1_398' title='bbox 274 5258 460 5313; x_wconf 74' lang='lat' dir='ltr'>tenemento</span> <span class='ocrx_word' id='word_1_399' title='bbox 482 5254 517 5312; x_wconf 90' lang='lat' dir='ltr'>iu</span> <span class='ocrx_word' id='word_1_400' title='bbox 542 5250 723 5328; x_wconf 82' lang='lat' dir='ltr'>Muaunau,</span> <span class='ocrx_word' id='word_1_401' title='bbox 748 5269 812 5332; x_wconf 90' lang='lat' dir='ltr'>que</span> <span class='ocrx_word' id='word_1_402' title='bbox 835 5251 935 5336; x_wconf 82' lang='lat' dir='ltr'>Hugo</span> <span class='ocrx_word' id='word_1_403' title='bbox 958 5257 988 5317; x_wconf 87' lang='lat' dir='ltr'>le</span> <span class='ocrx_word' id='word_1_404' title='bbox 1014 5253 1195 5336; x_wconf 86' lang='lat' dir='ltr'>Despencer</span> <span class='ocrx_word' id='word_1_405' title='bbox 1211 5253 1374 5338; x_wconf 88' lang='lat' dir='ltr'>quondam</span> <span class='ocrx_word' id='word_1_406' title='bbox 1400 5250 1508 5316; x_wconf 86' lang='lat' dir='ltr'>tenuit</span> <span class='ocrx_word' id='word_1_407' title='bbox 1532 5269 1590 5335; x_wconf 86' lang='lat' dir='ltr'>per</span> <span class='ocrx_word' id='word_1_408' title='bbox 1612 5249 1775 5314; x_wconf 86' lang='lat' dir='ltr'>redditum</span> 
     </span>
     <span class='ocr_line' id='line_1_44' title="bbox 272 5336 1175 5427; baseline 0.004 -26"><span class='ocrx_word' id='word_1_409' title='bbox 272 5339 369 5401; x_wconf 88' lang='lat' dir='ltr'>unius</span> <span class='ocrx_word' id='word_1_410' title='bbox 383 5357 451 5399; x_wconf 91' lang='lat' dir='ltr'>rose</span> <span class='ocrx_word' id='word_1_411' title='bbox 467 5336 558 5400; x_wconf 90' lang='lat' dir='ltr'>rubie</span> <span class='ocrx_word' id='word_1_412' title='bbox 573 5357 766 5421; x_wconf 88' lang='lat' dir='ltr'>perannum</span> <span class='ocrx_word' id='word_1_413' title='bbox 782 5358 838 5427; x_wconf 88' lang='lat' dir='ltr'>pro</span> <span class='ocrx_word' id='word_1_414' title='bbox 853 5340 1004 5408; x_wconf 86' lang='lat' dir='ltr'>omnibus</span> <span class='ocrx_word' id='word_1_415' title='bbox 1018 5341 1175 5405; x_wconf 85' lang='lat' dir='ltr'>serviciis.</span> 
     </span>
    </p>
   </div>
   <div class='ocr_carea' id='block_1_14' title="bbox 0 0 2050 6117">
    <p class='ocr_par' dir='ltr' id='par_1_14' title="bbox 0 0 2050 6117">
     <span class='ocr_line' id='line_1_45' title="bbox 0 0 2050 6117; baseline 0 1"><span class='ocrx_word' id='word_1_416' title='bbox 0 0 2050 6117; x_wconf 95' lang='lat' dir='ltr'> </span> 
     </span>
    </p>
   </div>
  </div>
 </body>
</html>
