4092 6117
786 623 871 692 ao.
895 626 1123 692 1401-1402.
1660 618 1702 687 aa
1836 698 1839 705 Δ

248 910 293 972 ut
307 914 484 974 onerantur
500 930 592 995 super
606 916 793 994 compotum
808 910 849 974 de
863 909 942 997 ipo,
958 913 1005 978 ob.
1021 932 1081 995 pro
1096 919 1152 976 οὓ·
1170 915 1261 996 parte
1279 911 1307 995 j.
1323 909 1346 976 f.
1362 931 1407 976 m.
1423 930 1480 994 pro
1494 906 1703 973 advocacione

206 998 393 1060 medietatis
414 999 576 1082 prioratus
598 998 638 1061 de
662 996 804 1061 vaorth
832 1004 867 1062 et
891 999 955 1085 je
983 999 1129 1062 redditus
1144 1000 1179 1061 in
1194 999 1407 1065 Bnaonvvnnn
1421 1017 1479 1081 pro
1493 1016 1557 1081 qua
1573 1000 1663 1079 parte
1677 994 1701 1059 f.

207 1084 379 1164 Robertus‚
396 1106 501 1148 comes
524 1083 693 1163 Suffolkie‚
710 1086 806 1148 solvit
828 1088 899 1170 regi
921 1085 1079 1150 relevium
1095 1108 1189 1150 suum
1204 1088 1240 1149 in
1255 1106 1339 1149 anno
1355 1084 1505 1171 mviijn
1522 1083 1603 1146 dicti
1618 1082 1703 1166 regie

207 1171 246 1237 E.
262 1174 347 1235 sicut
362 1173 548 1235 continetur
562 1173 597 1234 in
613 1172 729 1236 rotulo.
768 1218 772 1222 ,

248 1308 294 1372 Et
309 1312 481 1372 onerantur
495 1327 591 1392 super
604 1312 791 1391 compotum
806 1308 847 1370 de
861 1306 931 1393 ijs.
947 1328 1006 1391 pro
1018 1318 1078 1370 ιω·
1098 1313 1189 1392 parte
1213 1309 1237 1394 j.
1254 1308 1277 1375 f.
1294 1329 1340 1374 m.
1357 1312 1452 1373 tenta
1477 1308 1516 1372 de
1541 1326 1619 1393 rege
1644 1326 1703 1391 pro

206 1394 243 1478 lj.
259 1397 342 1459 acris
356 1399 452 1475 terre,
467 1416 532 1458 una
546 1415 619 1458 acra
633 1400 669 1459 et
682 1394 727 1457 di.
742 1399 885 1478 pasture,
900 1394 1026 1460 duabus
1041 1398 1125 1460 acris
1139 1400 1174 1460 et
1188 1396 1232 1459 di.
1249 1395 1335 1458 bosci
1351 1416 1427 1459 cum
1442 1394 1654 1479 pertinenciis
1668 1394 1703 1456 in

208 1482 426 1562 Oavnunmsa,
444 1502 580 1567 proque
594 1486 686 1565 parte
700 1479 724 1543 f.
741 1482 884 1561 Beatrix,
899 1502 961 1565 que
976 1483 1042 1546 fuit
1058 1502 1135 1546 uxor
1150 1482 1171 1545 J
1172 1482 1308 1546 ohannis
1320 1482 1444 1568 Wegge
1458 1481 1498 1546 de
1514 1481 1615 1559 Clare,
1626 1500 1702 1560 une,

206 1575 241 1633 et
266 1570 449 1633 willelmus
471 1569 605 1632 Andrew
627 1568 670 1632 de
693 1566 854 1652 Spronton
878 1573 914 1633 et
938 1568 1142 1648 Elisabetha,
1167 1590 1247 1633 uxor
1272 1568 1354 1654 ejus,
1376 1571 1480 1634 altera
1506 1568 1646 1631 filiarum
1670 1572 1705 1631 et

208 1654 364 1720 heredum
380 1655 539 1721 ,Iohannis
554 1657 595 1718 de
609 1654 841 1738 Trehempton,
858 1656 1025 1720 solverunt
1039 1659 1109 1741 regi
1123 1658 1282 1721 relevium
1299 1658 1444 1721 suumin
1460 1676 1544 1720 anno
1560 1654 1705 1742 xxxvij²¹¹⁰

207 1742 289 1807 dicti
302 1744 389 1829 regis
404 1745 443 1810 E.
458 1746 544 1808 sicut
558 1743 747 1807 sentinetur
760 1744 796 1805 in
810 1744 917 1808 rotulo
932 1744 1091 1828 predicto.
1459 1742 1461 1749 '

251 1876 297 1939 Et
311 1882 486 1941 onerantur
500 1878 539 1942 de
554 1899 639 1943 xxa.
654 1896 714 1959 pro
728 1876 753 1963 j.
770 1878 793 1941 f.
809 1897 855 1942 m.
871 1878 907 1940 in
922 1878 1069 1940 manerio
1084 1878 1125 1941 de
1140 1877 1382 1946 erusnnaon
1395 1880 1489 1941 tento
1504 1877 1545 1941 de
1567 1895 1644 1960 rege
1666 1878 1705 1939 ut

209 1964 249 2028 de
273 1962 396 2029 honore
420 1966 461 2029 de
486 1966 601 2028 Monte
627 1964 772 2045 Gomeri,
794 1984 853 2048 pro
899 1985 941 2028 uo
967 1963 1062 2028 feodo
1086 1964 1245 2027 Ricardus
1269 1964 1310 2028 de
1336 1964 1518 2049 Walgrave,
1542 1962 1646 2041 miles,
1671 1965 1705 2024 et

208 2051 368 2131 Johanna,
391 2072 471 2115 uxor
495 2053 577 2138 ejus,
601 2073 665 2136 que
691 2050 757 2114 fuit
779 2072 859 2115 uxor
931 2050 1017 2115 berti
1043 2050 1084 2114 de
1110 2052 1224 2129 Bures,
1248 2052 1416 2117 solverunt
1449 2052 1519 2137 regi
1549 2050 1706 2114 relevium

209 2159 304 2204 suum
318 2141 353 2203 in
369 2140 458 2203 dicto
473 2159 556 2203 anno
571 2138 715 2226 mvijm
732 2140 819 2223 regis
834 2138 874 2204 E.
890 2139 976 2202 sicut
990 2139 1181 2202 continetur
1195 2138 1230 2201 in
1245 2138 1352 2202 rotulo
1366 2138 1523 2222 predicto.

251 2275 297 2339 Et
312 2282 487 2340 onerantur
501 2296 597 2359 super
611 2280 802 2359 compotum
817 2276 858 2338 de
872 2296 935 2343 v.e.
953 2295 1011 2360 pro
1028 2281 1145 2361 quarta
1169 2280 1261 2360 parte
1284 2276 1308 2363 j.
1324 2275 1346 2340 f.
1363 2296 1408 2340 m.
1424 2296 1483 2359 pro
1507 2275 1651 2338 manerio
1666 2274 1707 2337 de

208 2362 331 2430 Maesa
344 2364 521 2429 Bansrnnn
535 2383 610 2426 cum
625 2363 837 2445 pertinenciis
851 2365 944 2426 tento
958 2362 998 2425 de
1013 2382 1090 2445 rege
1105 2367 1144 2425 ut
1159 2362 1200 2425 de
1215 2364 1334 2426 honore
1348 2362 1429 2427 Albe
1441 2362 1557 2426 Martie
1573 2382 1630 2446 pro
1644 2380 1708 2445 qua

208 2454 300 2533 parte
315 2451 338 2513 f.
354 2450 548 2514 Edmundns
563 2450 604 2513 de
621 2449 744 2527 Ufford,
758 2450 858 2513 irater
872 2454 906 2512 et
931 2448 1023 2515 heres
1049 2448 1209 2516 Johannie
1228 2449 1270 2513 de
1298 2449 1420 2528 Uliord,
1438 2449 1588 2528 chiveler,
1612 2449 1709 2513 solvit

210 2539 280 2623 regi
309 2538 467 2602 relevium
497 2558 594 2601 sunm
618 2538 653 2599 in
678 2556 763 2600 anno
786 2536 913 2603 xxxix¹²⁰
939 2537 1021 2602 dicti
1045 2538 1129 2622 regis
1155 2537 1194 2602 E.
1222 2537 1308 2601 sicut
1334 2538 1522 2601 continetur
1544 2539 1579 2599 in
1602 2536 1709 2600 rotulo

210 2625 367 2707 predicto.

254 2736 299 2800 Et
313 2741 486 2800 onerantur
499 2756 599 2820 super
613 2742 801 2820 compotum
816 2736 857 2799 de
870 2736 914 2802 lx.
922 2756 948 2801 a.
964 2757 1022 2820 pro
1038 2735 1074 2823 ij.
1090 2734 1114 2802 f.
1130 2757 1176 2803 m.
1193 2738 1228 2800 in
1245 2737 1434 2804 Eanevvann
1449 2758 1506 2821 pro
1530 2737 1556 2824 j.
1572 2736 1596 2803 f.
1612 2758 1658 2802 m.
1675 2738 1709 2799 in

212 2823 431 2891 Wnrnnanou
455 2844 512 2907 pro
535 2823 653 2907 quibus
679 2823 848 2900 Ricardns,
863 2823 950 2887 lilius
973 2828 1007 2887 et
1030 2821 1165 2892 heredes
1184 2827 1252 2904 (sic)
1271 2824 1404 2889 Roberti
1420 2822 1538 2905 Scales,
1555 2821 1709 2903 chivaler,

212 2912 394 3063 mfficppgi
408 2911 565 2975 relevium
579 2912 724 2974 suumin
737 2931 821 2975 anno
837 2910 960 2996 xlviiju
977 2910 1060 2975 dicti
1075 2911 1161 2997 regis
1176 2911 1215 2979 E.
1232 2913 1317 2977 siout
1341 2914 1526 2977 continetur
1547 2913 1582 2975 in
1605 2910 1712 2975 rotulo

212 3021 300 3174 1,Et
325 3114 497 3212 onerentur
519 3130 614 3192 super
639 3114 825 3193 compotum
851 3110 892 3173 de
919 3129 981 3176 v.a.
1007 3130 1067 3194 pro
1091 3114 1207 3195 quarte
1230 3114 1323 3195 parte
1347 3112 1372 3198 j.
1386 3110 1411 3177 f.
1427 3133 1473 3177 m.
1498 3132 1556 3196 pro
1581 3111 1714 3176 redditu

214 3196 1714 3369 t?·tet¹¹ttttttt3tttttttt“ttttttttttttettltttt

214 3372 348 3437 Roberti
363 3370 491 3452 Ufford,
507 3391 610 3455 nuper
624 3372 755 3436 comitis
770 3370 941 3451 Suffollrie,
956 3371 1054 3437 solvit
1069 3374 1141 3457 regi
1156 3372 1314 3437 relevium
1329 3394 1426 3437 suum
1441 3375 1477 3437 in
1491 3393 1576 3437 anno
1590 3374 1708 3459 ulvijmo

215 3460 296 3525 dicti
311 3460 397 3542 regis
411 3459 451 3525 E.
467 3459 553 3523 sicut
566 3460 754 3523 continetur
766 3460 801 3522 iu
817 3458 924 3523 rotulo
938 3458 1097 3543 predicto.

257 3597 302 3661 Et
326 3601 505 3662 onerantur
529 3615 629 3679 snper
654 3600 843 3679 compotum
867 3596 907 3658 de
933 3595 1012 3683 vj.e.
1034 3596 1143 3684 viiie.
1170 3617 1229 3680 pro
1253 3598 1355 3661 tercia
1378 3601 1471 3681 parte
1493 3597 1518 3684 j.
1541 3596 1565 3662 f.
1589 3619 1635 3666 m.
1657 3619 1715 3683 pro

217 3684 357 3768 parcella
369 3683 509 3746 manerii
523 3682 564 3746 de
579 3683 717 3750 Ursonn
731 3688 845 3746 vocato
863 3683 1032 3763 secerno,
1048 3703 1185 3768 proque
1201 3690 1294 3768 parte
1310 3685 1335 3750 f.
1348 3684 1514 3768 predictus
1530 3684 1716 3750 Willelmus

215 3770 330 3922 Uffgrd
352 3770 451 3833 solvit
473 3771 542 3856 regi
565 3769 722 3833 relevium
746 3790 842 3833 suum
867 3770 956 3834 dicto
981 3791 1068 3834 anno
1091 3771 1209 3855 xlvij¹²⁰
1235 3773 1320 3835 sicut
1341 3773 1529 3835 continetur
1550 3774 1587 3835 in
1610 3773 1716 3836 rotulo

238 3878 272 3922 re
296 3860 373 3921 icto.

216 3878 238 3942 p
520 3942 657 4008 Summa
684 3943 798 4008 totalis
825 3948 956 4029 recepte

563 4027 662 4117 hujus
675 4031 819 4115 compoti
833 4032 868 4094 in
882 4032 956 4096 istis
982 4031 1111 4119 midi.
1127 4031 1230 4120 xiiis.
1247 4055 1278 4101 x.
1286 4031 1320 4100 d.
1336 4034 1385 4100 ob.

562 4117 686 4183 duobus
699 4117 816 4183 rotulis
840 4157 853 4170 -
942 4158 954 4170 -

647 4360 885 4451 [Houoannou
907 4360 967 4451 nn]
997 4362 1297 4432 PLOMISGATE.

258 4500 440 4588 Inquisicio
454 4504 550 4585 capta
563 4500 650 4585 apud
667 4500 897 4586 Gippewicum
912 4504 967 4566 die
981 4503 1075 4566 Lnne
1091 4502 1239 4587 proxime
1254 4508 1328 4587 poet
1343 4502 1465 4569 lentum
1479 4502 1724 4567 Purificacionis

217 4588 320 4653 Beate
335 4588 441 4651 Marie
455 4608 541 4651 enno
554 4590 647 4671 regni
662 4590 748 4672 regis
763 4590 900 4654 Henrici
915 4592 1023 4676 quarti
1040 4596 1114 4674 post
1128 4595 1342 4673 conquestum
1358 4592 1460 4655 tercio
1475 4609 1582 4655 coram
1597 4590 1722 4675 Rogero

217 4675 421 4741 Wolverston
437 4681 471 4738 et
485 4677 581 4740 sociis
596 4678 663 4740 suis
677 4675 902 4741 collectoribus
917 4698 973 4760 per
987 4678 1247 4741 commissionem
1264 4678 1388 4741 domini
1403 4679 1490 4762 regis
1504 4680 1550 4740 eis
1564 4678 1721 4741 directam

218 4784 276 4848 pro
289 4762 488 4827 racionabile
502 4762 623 4826 auxilio
638 4763 681 4826 ad
697 4761 894 4828 Blancheam
921 4764 1026 4827 filiam
1049 4784 1141 4828 suam
1167 4765 1420 4850 primogenitam
1445 4760 1662 4828 miritandam
1686 4766 1722 4829 in

218 4853 380 4914 comitatu
394 4848 553 4913 Suffollrie
579 4852 753 4935 assignatis
776 4872 835 4935 per
858 4857 1098 4915 sacramentum
1124 4850 1255 4914 Ricardi
1279 4852 1724 4930 Rmse1,Walterit‘01wi1e,

219 4937 378 5001 Willelmi
393 4935 507 5022 Osgot‚
526 4936 682 5001 Willelmi
698 4937 822 5016 Svoen,
833 4938 963 5002 Radulfi
977 4937 1110 5015 Covele,
1124 4937 1281 5001 Willelmi
1296 4940 1401 5018 Dene,
1413 4938 1504 5002 Petri
1518 4937 1723 5016 Fordinsete,

220 5024 379 5088 Willelmi
408 5023 588 5107 Sparhauk,
620 5024 781 5089 Johannis
811 5023 993 5109 Sparhank,
1023 5024 1153 5089 Ricardi
1183 5024 1283 5103 Rene,
1313 5025 1447 5089 Roberti
1478 5027 1569 5105 Trot,
1601 5025 1722 5109 Rogeri

217 5109 401 5191 Trouhnnt,
416 5112 474 5195 qui
488 5110 605 5176 dicunt
618 5133 714 5197 super
727 5118 966 5208 sacramentum
982 5134 1079 5176 suum
1095 5112 1181 5198 quod
1191 5133 1244 5174 :-

257 5272 373 5339 Nichil
387 5277 520 5336 tenetm
534 5273 575 5336 de
590 5292 667 5358 rege
681 5276 736 5339 i.c.
752 5274 822 5338 eine
839 5274 950 5339 medio
963 5272 1050 5338 infra
1065 5271 1271 5337 hundredum
1287 5273 1479 5358 predictum.

260 5412 300 5475 ln
315 5409 411 5497 cujus
424 5410 473 5475 rei
486 5410 717 5476 testimonium
732 5416 797 5481 etc.
848 5447 853 5455 ·
