4092 6117
276 550 341 616 268
899 551 1173 620 WILTSHIRE.

279 846 520 906 sacramentnm
543 863 638 907 suum
661 843 748 928 quod
762 863 875 906 omnes
902 861 1054 926 persones
1072 843 1141 919 (sic)
1159 843 1193 903 in
1210 843 1274 904 istn
1289 841 1505 925 inquisicione
1520 840 1698 916 nominate,
1713 842 1791 901 sunt

278 928 391 992 seisite
415 936 450 992 et
474 931 708 1013 possessionate
733 938 768 994 et
791 949 903 994 eornm
929 928 1075 1014 quelibet
1089 937 1140 992 est
1157 929 1267 992 seisite
1281 933 1313 992 et
1337 929 1573 1012 possessionnta
1592 926 1632 990 de
1646 925 1741 989 terris
1755 929 1790 988 et

278 1017 478 1080 tenementis
492 1018 525 1080 in
542 1018 708 1081 dominico
724 1038 781 1080 suo
796 1025 835 1081 nt
850 1017 890 1080 de
906 1017 1007 1080 libero
1022 1023 1224 1094 tenemento,
1241 1022 1275 1079 et
1300 1024 1415 1079 tenent
1441 1035 1498 1078 seu
1525 1021 1616 1078 tenet
1639 1013 1734 1076 modo
1755 1019 1789 1075 et

277 1101 381 1165 forma
395 1105 452 1189 qui
468 1111 635 1187 sequntur,
652 1104 816 1183 videlicet,
831 1105 917 1189 quod
928 1129 981 1169 :-

320 1259 501 1374 Episcopus
518 1291 698 1357 Sarisbnrie
713 1300 807 1355 tenet
822 1293 1002 1356 inmediate
1019 1293 1059 1354 de
1075 1327 1251 1337 ----—
1265 1293 1353 1353 certe
1368 1298 1470 1354 terras
1486 1295 1521 1352 et
1536 1295 1727 1353 tenementa
1752 1287 1787 1348 in

277 1377 458 1457 Munianus,
484 1400 547 1462 que
571 1400 676 1462 nuper
701 1379 836 1443 fuerunt
859 1380 1002 1463 episcopi
1032 1379 1223 1453 Sarisburie,
1250 1398 1307 1460 per
1333 1378 1506 1441 servicium
1539 1397 1595 1442 un.
1623 1377 1645 1441 l.
1660 1397 1705 1440 m.
1730 1394 1789 1457 pro

275 1467 394 1548 quibus
407 1466 505 1529 solvit
519 1467 673 1545 decimes,
689 1468 818 1552 quando
833 1467 959 1530 decime
975 1471 1122 1529 currunt.

319 1599 481 1665 Robertus
519 1599 652 1686 Erlegb,
691 1606 726 1665 et
761 1603 862 1665 ceteri
899 1602 1083 1665 seoffatores
1123 1601 1279 1664 Willelmi
1318 1600 1485 1684 Esturmy,
1515 1599 1644 1672 militis,
1669 1603 1784 1661 tenent

274 1685 456 1750 inmediate
485 1688 526 1751 de
556 1691 706 1772 episcopo
733 1689 915 1753 Sarisburie
940 1701 1032 1752 certa
1056 1696 1162 1753 terras
1189 1697 1224 1752 et
1250 1695 1441 1751 tenemento
1465 1691 1498 1749 in
1525 1689 1693 1762 Axuronn,
1720 1703 1784 1767 que

275 1792 380 1857 nuper
394 1775 529 1838 fuerunt
544 1775 711 1839 Edmundi
731 1777 881 1855 Everard,
897 1786 932 1839 et
946 1777 975 1838 N
980 1776 1100 1839 icholsi
1115 1777 1155 1838 de
1173 1775 1348 1854 Loundres,
1364 1795 1419 1858 per
1435 1775 1606 1838 servicium
1624 1793 1679 1838 un.
1696 1771 1719 1836 f.
1736 1792 1782 1836 m.

318 1910 479 1976 Robertus
508 1912 646 1976 Andrevv
677 1919 768 1977 tenet
798 1913 980 1977 inmediate
1010 1912 1052 1976 de
1080 1913 1231 1996 episcopo
1270 1912 1450 1975 Sarisburie
1488 1917 1576 1973 certa
1613 1915 1713 1972 terras
1750 1919 1784 1970 et

274 2004 466 2151 tlepepnppta
490 2000 525 2063 in
553 2000 723 2078 EsruaoP,
740 2023 804 2084 qne
830 2021 935 2084 nuper
960 2001 1093 2063 fuerunt
1121 1998 1282 2064 Johannis
1297 2000 1336 2062 dc
1353 1999 1523 2076 Coventre,
1540 2018 1596 2082 per
1612 1997 1783 2059 servicium

293 2221 503 2287 'Willelmns
532 2223 644 2288 Darell
674 2229 768 2287 tenet
799 2224 981 2288 inmediate
1011 2223 1051 2287 de
1083 2225 1235 2308 episcopo
1267 2223 1447 2286 Sarisburie
1484 2229 1575 2286 certe
1610 2227 1711 2285 terras
1748 2227 1783 2283 et

273 2317 461 2462 deinefmredm
484 2312 519 2373 in
544 2312 752 2390 ernnoosn,
771 2332 836 2396 qus
861 2332 965 2395 nuper
988 2312 1124 2376 fuerunt
1140 2311 1275 2375 Roberti
1300 2309 1522 2438 Hungsrford,
1538 2331 1594 2394 per
1609 2309 1782 2372 servicium

317 2534 410 2598 Prior
439 2536 480 2599 de
508 2535 675 2622 Pogheley
706 2542 800 2600 tenet
831 2537 1010 2600 inmediete
1040 2537 1079 2599 de
1109 2537 1259 2619 episcopo
1290 2536 1468 2600 sarisburie
1502 2541 1589 2598 certa
1618 2541 1717 2596 terras
1746 2537 1781 2595 et

273 2628 464 2686 tenementa
489 2624 522 2685 in
552 2624 720 2702 Essuuor,
749 2644 811 2708 qne
835 2643 940 2706 nuper
966 2624 1101 2686 inerunt
1131 2623 1286 2686 Willelmi
1312 2621 1500 2708 Melplassh,
1528 2643 1585 2706 per
1609 2622 1779 2684 servicium

273 2709 317 2774 di.
333 2711 357 2776 f.
374 2731 419 2775 m.
436 2731 494 2793 pro
509 2711 629 2794 quibus
644 2711 742 2775 solvit
756 2711 910 2789 decimes,
925 2711 1055 2794 quando
1071 2711 1196 2774 decime
1211 2719 1359 2776 currunt.

316 2847 439 2911 Dicunt
463 2850 567 2912 eciam
593 2850 733 2932 predicti
757 2850 931 2934 juratores,
959 2848 1046 2931 quod
1071 2849 1159 2911 nulle
1187 2852 1263 2911 sunt
1287 2848 1351 2911 alie
1376 2868 1510 2932 persone
1536 2847 1604 2910 eive
1631 2850 1781 2909 tenentes

271 2937 356 3000 infra
385 2935 589 2999 hundredum
619 2936 802 3020 predictum
832 2936 943 3000 seisite
972 2937 1007 2998 in
1039 2937 1203 2999 dominico
1234 2956 1291 2999 suo
1321 2934 1511 2999 immediate
1542 2940 1581 2997 ut
1609 2933 1648 2997 de
1678 2931 1779 2995 libero

240 3102 243 3109 Ι
272 3028 471 3102 tenemento,
485 3024 572 3087 unde
598 3023 698 3087 iidem
726 3043 859 3106 persone
885 3025 952 3087 sive
978 3030 1131 3086 tenentes
1157 3024 1393 3107 possessionnte
1417 3023 1576 3099 existunt,
1590 3022 1647 3104 qui
1663 3027 1780 3083 tenent

271 3110 462 3174 immediate
491 3132 548 3195 per
576 3110 902 3195 integrumfeodum
932 3110 1052 3173 militis
1084 3111 1335 3189 (medietatem),
1364 3111 1509 3184 terciam,
1536 3109 1588 3171 vel
1616 3113 1779 3191 quartam,

272 3209 399 3281 partem
415 3218 470 3262 un.
487 3199 509 3264 f.
526 3219 571 3264 m.
587 3199 758 3262 inclusive.
1594 3227 1596 3232 ·

315 3330 356 3395 In
370 3331 464 3417 cujus
480 3329 530 3394 rei
543 3328 772 3393 testimoninm
787 3335 849 3395 etc.

744 3638 966 3704 Huunannuu
989 3662 1032 3706 nn
1059 3641 1310 3708 SELKELEY.

317 3775 496 3859 Inquisieio
510 3779 607 3858 capta
622 3774 711 3857 apud
727 3775 939 3861 Mnrleburgh
955 3777 1009 3840 die
1027 3777 1162 3842 Sabbati
1187 3781 1333 3862 proximo
1356 3786 1434 3841 ante
1447 3779 1566 3842 testum
1583 3777 1776 3842 Natiuitatis

273 3865 386 3928 saneti
401 3863 559 3927 Johannis
575 3860 738 3943 Baptiste,
755 3883 841 3926 anno
867 3866 956 3949 regni
983 3866 1071 3950 regis
1096 3867 1230 3929 Henrici
1256 3868 1339 3929 sexti
1355 3872 1428 3948 post
1444 3875 1657 3948 conquestum
1675 3878 1777 3944 sexto,

273 3972 380 4014 corum
396 3947 546 4012 Johanne
562 3947 665 4032 Payn,
681 3947 823 4012 Roberto
846 3952 954 4036 ltrley,
976 3951 1125 4016 Johanne
1148 3955 1281 4037 Sturmy
1297 3954 1336 4016 de
1353 3953 1504 4030 Axelord‚
1522 3951 1671 4015 Johanne
1688 3952 1774 4036 Bryd

273 4041 314 4101 de
340 4034 563 4120 Mnrleburgb,
588 4035 732 4098 Henrico
757 4035 926 4120 Brsdelcy,
950 4039 1100 4103 Johanne
1126 4039 1259 4124 Sturmy
1285 4041 1325 4103 de
1355 4040 1608 4118 Wachenesfeld,
1625 4037 1773 4103 Johanne

274 4126 376 4208 Buye,
396 4123 559 4186 Willelmo
585 4121 669 4184 Lord
691 4122 731 4187 de
757 4124 849 4187 Nova
875 4127 1067 4203 Sarisburia,
1094 4133 1129 4191 et
1152 4126 1301 4191 Johanne
1325 4127 1515 4191 Mountlord
1531 4128 1572 4189 de
1588 4127 1654 4210 Lye
1679 4129 1774 4214 juxta

274 4211 461 4293 Westbury,
485 4208 714 4272 collectoribus
740 4211 878 4276 subsidii
901 4213 1026 4277 domini
1054 4215 1138 4300 regis
1161 4217 1196 4277 in
1221 4214 1339 4279 ultimo
1366 4215 1581 4298 parliamento
1607 4235 1665 4278 suo
1688 4215 1774 4298 apud

272 4297 599 4362 westmonasterium
626 4297 662 4358 in
685 4298 850 4380 quindena
873 4301 986 4364 Sancti
1012 4301 1183 4365 Michaelis
1198 4303 1316 4365 ultimo
1342 4304 1498 4386 preterita
1513 4308 1607 4364 tento
1621 4303 1776 4380 concessi,

274 4408 330 4472 per
354 4394 591 4449 sacramentum
618 4385 774 4467 Stephani
801 4383 931 4464 Combe,
957 4388 1081 4451 Thome
1110 4388 1222 4466 Blake,
1247 4387 1407 4452 Johannis
1425 4389 1598 4473 Hemelyn,
1615 4389 1773 4453 Willelmi

274 4474 404 4549 Smnan,
418 4471 551 4534 Ricnrdi
568 4469 686 4553 Bailly,
702 4471 836 4535 Roberti
865 4475 984 4558 Longe,
1009 4474 1168 4540 Johannis
1183 4476 1308 4559 Bruyn,
1325 4476 1459 4540 Walteri
1476 4476 1601 4552 Oolern,
1617 4476 1773 4540 Willclmi

273 4563 424 4638 seruere,
440 4557 562 4622 Thome
580 4557 705 4641 Baillyf
716 4559 756 4621 de
773 4559 1013 4646 Bakhempton‚
1031 4563 1167 4626 Henrici
1183 4563 1345 4649 Thmger,
1362 4571 1396 4626 et
1412 4563 1569 4626 Willelmi
1587 4563 1773 4646 Stephenes,

268 4649 465 4732 juratorum,
481 4646 665 4732 juratorum
690 4646 731 4708 de
757 4643 926 4712 hundredo
952 4649 992 4712 de
1018 4649 1183 4733 Selkeley,
1200 4652 1257 4736 qui
1282 4652 1396 4715 dicunt
1422 4671 1518 4734 super
1536 4663 1773 4714 sacramentum

273 4756 370 4800 sunm
406 4740 493 4820 quod
529 4752 642 4796 omnes
679 4752 811 4815 persone
847 4736 883 4798 in
919 4737 985 4799 ista
1020 4738 1235 4823 inquisicione
1272 4739 1438 4802 nominate
1475 4743 1551 4800 sunt
1591 4739 1701 4802 seisite
1739 4747 1774 4802 et

275 4823 520 4907 possessionate,
556 4829 591 4882 et
625 4839 737 4883 eorum
776 4822 922 4904 quelibet
958 4831 1009 4888 est
1045 4827 1158 4889 scisita
1193 4832 1226 4890 et
1265 4826 1501 4909 possessionnta
1538 4824 1579 4888 de
1614 4827 1710 4888 terris
1739 4834 1774 4890 et

273 4910 471 4974 tenementis
485 4909 521 4970 in
536 4906 700 4970 dominico
715 4927 773 4971 suo
789 4916 828 4971 nt
842 4909 882 4973 de
897 4909 1000 4974 libero
1015 4918 1219 4992 tenemento,
1234 4917 1269 4977 et
1291 4916 1406 4976 tenent
1428 4932 1485 4976 seu
1510 4918 1602 4975 tenet
1628 4913 1724 4977 modo
1739 4918 1775 4978 et

273 4999 375 5064 torma
389 4994 447 5079 qui
463 5004 631 5080 sequntur,
648 4993 815 5074 videlicet,
833 4996 918 5080 qnod
930 5024 983 5064 :—

316 5164 476 5227 walterus
491 5161 708 5247 Hnngerford‚
725 5159 880 5243 chivaler,
896 5165 1051 5229 dominus
1079 5166 1302 5252 Hungerford,
1318 5173 1409 5232 tenet
1433 5166 1610 5230 inmediate
1635 5167 1674 5231 de
1699 5187 1773 5252 rege

272 5252 325 5317 ic.
341 5255 431 5314 certa
455 5258 556 5313 terres
582 5257 618 5312 et
641 5255 832 5313 tenemento
857 5252 891 5314 in
919 5253 1158 5332 hlmnsrumnn,
1176 5275 1238 5339 que
1266 5274 1370 5338 nuper
1394 5253 1526 5318 fuerunt
1550 5253 1707 5318 lobannis
1732 5256 1772 5318 de

273 5339 375 5417 Mere,
390 5356 448 5421 per
462 5335 635 5400 servicium
650 5355 706 5400 nn.
725 5336 749 5401 f.
765 5357 811 5402 m.
1635 5405 1638 5410 ,
