4092 6117
292 593 357 662 228
908 589 1181 662 wmvsmnn.

337 881 501 946 Particule
515 884 658 968 compoti
674 880 833 946 Jobuunis
849 882 985 966 Gavyn,
1000 885 1213 965 vicecomitis,
1228 885 1380 951 Nicholai
1408 887 1504 973 Bray,
1520 888 1692 954 escaetorir
1714 888 1802 975 regis

293 972 329 1033 in
358 972 520 1034 comitatu
549 970 678 1047 Wlltes,
706 968 866 1033 Johaunis
902 970 1104 1057 Dauutesey,
1134 974 1286 1053 cbivaler,
1315 973 1441 1039 Thome
1479 975 1639 1058 Bonham,
1670 976 1802 1041 Ricardi

294 1057 410 1136 Forde,
436 1057 594 1121 Willelmi
621 1055 738 1133 Goore,
762 1063 796 1121 et
822 1055 982 1122 Johannis
1008 1060 1091 1143 Bryt
1114 1061 1154 1125 de
1178 1060 1334 1145 Hyndon,
1361 1062 1569 1128 collectorum
1598 1065 1804 1128 racionabilis

294 1146 408 1209 auxilii
423 1145 465 1208 ad
481 1165 562 1229 opus
576 1147 675 1231 regis,
690 1165 748 1228 pro
764 1144 939 1225 Blanchea,
954 1146 1023 1210 filia
1038 1168 1096 1211 sua
1121 1149 1342 1234 primogenita
1367 1152 1561 1232 maritanda,
1584 1154 1620 1215 in
1643 1152 1803 1216 comitatu

294 1233 453 1316 predicto,
468 1240 538 1295 tam
553 1232 638 1295 iufra
653 1232 822 1295 libertates
836 1253 936 1316 quam
951 1238 1054 1310 extra,
1071 1256 1158 1299 anuo
1184 1238 1285 1299 tercio
1311 1239 1397 1320 regis
1412 1237 1549 1302 Henrici
1565 1240 1673 1324 quarti
1688 1239 1805 1320 levati,

295 1340 353 1402 per
377 1319 472 1383 breve
497 1321 584 1404 regis
610 1325 737 1403 pateus,
752 1320 869 1384 datum
893 1322 999 1403 primo
1018 1322 1071 1384 die
1086 1322 1285 1402 Decembris,
1301 1326 1390 1387 dicto
1404 1346 1488 1390 anno
1504 1332 1614 1406 tercio,
1631 1347 1731 1410 penes
1746 1327 1804 1390 bas

296 1407 471 1490 particulas
485 1427 669 1487 remanens,
687 1407 839 1470 videlicet
854 1408 896 1471 de
912 1408 1100 1494 hujusmodi
1116 1411 1305 1475 racionabili
1320 1413 1453 1492 auxilio,
1471 1421 1509 1477 ut
1524 1415 1609 1478 iufra
1618 1438 1672 1479 :-

340 1685 390 1747 De
415 1685 525 1768 aliquo
551 1684 674 1748 auxilio
697 1685 911 1768 contingente
935 1688 1119 1751 manerium
1144 1686 1183 1750 de
1210 1687 1388 1766 (iurarunt,
1413 1687 1499 1773 quod
1525 1687 1677 1764 Thomas,
1699 1707 1805 1772 nuper

297 1792 406 1836 comes
420 1773 599 1851 Warrvioi,
616 1775 727 1836 tenuit
741 1771 795 1836 die
808 1794 874 1856 quo
888 1773 982 1853 obiit,
998 1775 1069 1836 sine
1085 1774 1204 1854 medio,
1220 1776 1261 1839 de
1277 1796 1353 1860 rege
1368 1777 1420 1841 i.c.
1436 1795 1492 1859 per
1517 1775 1605 1858 quod
1631 1775 1804 1839 servicium

296 1862 459 1945 ignorant,
471 1878 537 1922 non
551 1860 758 1943 respondent,
768 1881 807 1923 eo
821 1861 908 1944 quod
924 1860 1083 1924 Ricardus
1098 1860 1185 1925 filius
1200 1869 1235 1926 et
1249 1861 1345 1926 heres
1360 1864 1463 1948 ipsius
1477 1883 1582 1946 nuper
1596 1863 1726 1926 comitis
1741 1869 1803 1942 est,

297 1954 331 2010 et
346 1947 421 2027 fuit,
437 1948 524 2010 infra
548 1951 684 2020 etatem,
700 1953 734 2010 et
757 1947 887 2011 dictum
910 1950 1096 2012 manerium
1118 1948 1183 2012 fuit
1206 1951 1241 2013 in
1257 1951 1407 2014 custodia
1422 1951 1549 2014 domini
1564 1950 1664 2035 regis,
1679 1950 1805 2014 ratione

298 2034 433 2098 minoris
446 2035 547 2098 etatis
562 2035 664 2118 ipsius
679 2033 821 2113 Ricardi,
837 2034 924 2099 sicut
938 2036 1126 2100 continetur
1141 2037 1176 2100 in
1191 2039 1410 2122 inquisicione
1425 2036 1582 2122 predicta.

342 2309 392 2372 De
408 2308 518 2394 aliquo
533 2309 656 2373 auxilio
670 2309 857 2394 recipiendo
873 2311 914 2374 de
928 2316 1053 2375 rectore
1067 2313 1108 2376 de
1123 2311 1304 2396 Edyngdou
1332 2333 1388 2397 pro
1404 2313 1449 2379 di.
1467 2312 1490 2379 f.
1508 2333 1553 2379 m.
1569 2334 1627 2398 pro
1653 2314 1806 2379 maneriis

300 2397 340 2460 de
366 2397 519 2463 Basanon
545 2402 580 2460 et
606 2398 755 2476 Douros,
771 2418 834 2483 que
858 2419 962 2482 nuper
984 2399 1120 2462 fuerunt
1135 2399 1272 2464 Walteri
1297 2401 1447 2478 Dansies,
1472 2403 1576 2464 tentis
1603 2401 1643 2465 de
1669 2421 1745 2486 rege
1770 2403 1805 2464 in

299 2485 407 2569 capite
430 2486 501 2548 siue
524 2485 642 2562 medio,
659 2485 746 2548 sicut
771 2487 956 2550 continetur
978 2486 1012 2549 in
1038 2487 1254 2573 inquisicione
1277 2490 1433 2573 predicta,
1449 2508 1514 2551 uon
1530 2489 1736 2573 respondent,
1751 2509 1808 2573 per

299 2573 393 2636 breve
409 2577 444 2635 et
458 2577 583 2635 cartam
598 2573 682 2656 regis
698 2571 891 2658 subscripta.

344 2707 413 2772 Nec
427 2709 621 2793 respondent
637 2707 677 2773 de
692 2709 803 2793 aliquo
817 2711 940 2774 auxilio
955 2716 1084 2794 recepto
1099 2712 1140 2775 de
1155 2713 1244 2776 dicto
1260 2718 1386 2778 rectore
1401 2733 1460 2795 pro
1475 2714 1540 2777 alio
1555 2713 1695 2778 dimidio
1716 2713 1809 2777 feodo

301 2817 347 2862 m.
363 2795 404 2860 de
419 2797 562 2859 manerio
584 2793 655 2883 [de]
678 2795 843 2876 Basanon,
859 2799 946 2881 quod
972 2819 1075 2881 nuper
1100 2801 1164 2862 fuit
1191 2799 1353 2866 Willelmi
1379 2800 1593 2880 Manndevill,
1609 2807 1645 2865 et
1660 2807 1753 2865 teuto
1767 2801 1809 2864 de
1940 2865 1945 2882 ,

300 2905 376 2970 rege
391 2885 444 2948 ic.
461 2885 531 2946 sine
544 2883 664 2963 medio,
681 2886 766 2947 sicut
781 2887 968 2948 continetur
982 2888 1017 2949 iu
1033 2888 1250 2970 inquisicione
1274 2889 1431 2970 predicta,
1448 2909 1511 2952 non
1528 2889 1735 2972 respondent,
1751 2911 1809 2972 pro

300 2992 351 3052 eo,
366 2970 453 3057 quod
467 2992 522 3034 rex
538 2973 698 3034 concessit
714 2973 821 3037 eidem
835 2974 964 3053 rectori,
979 2979 1014 3037 et
1030 2975 1266 3038 successoribus
1281 2977 1358 3054 suis,
1372 2975 1457 3062 quod
1473 2977 1555 3060 ipse,
1566 2985 1601 3040 et
1616 2996 1812 3040 successores

249 3050 255 3060 ’
303 3059 366 3138 sui,
389 3060 457 3122 sint
483 3059 590 3145 quieti
616 3059 657 3121 de
682 3059 879 3124 omnimodis
901 3061 1032 3124 auxiliis
1057 3062 1211 3146 tallagiie,
1237 3063 1542 3142 contribacionibus,
1562 3069 1597 3128 et
1619 3064 1691 3127 aliis
1716 3065 1811 3141 cotis,

302 3146 388 3209 sicut
411 3149 598 3209 continetur
622 3147 659 3208 in
683 3148 823 3232 quadam
848 3152 938 3211 carta
960 3150 1064 3232 ipsius
1088 3149 1186 3233 regis,
1211 3150 1288 3213 dats
1318 3149 1395 3236 xxij.
1419 3152 1472 3215 die
1499 3150 1700 3230 Novembris,
1724 3171 1811 3215 anno

303 3233 441 3298 secundo
466 3234 553 3317 regis
579 3231 690 3319 hujus,
714 3235 886 3298 irrotulata
911 3237 945 3297 in
970 3238 1188 3300 memorandis
1210 3238 1251 3301 de
1277 3240 1417 3301 termino
1440 3237 1574 3316 Pascbe,
1606 3239 1695 3302 dioto
1724 3257 1809 3302 anno

302 3321 455 3399 secundo,
470 3342 511 3384 ex
535 3326 627 3404 parte
652 3323 911 3384 rememoratoris
934 3325 1032 3408 regis,
1050 3345 1088 3387 ac
1111 3345 1170 3408 per
1195 3324 1287 3388 breve
1311 3327 1395 3410 regis
1421 3326 1460 3390 de
1485 3345 1604 3412 magno
1619 3325 1727 3412 sigillo
1742 3347 1809 3403 suo,

301 3408 415 3472 datum
430 3409 530 3494 xxvjv
549 3409 604 3472 die
620 3409 755 3492 Aprilis,
770 3409 861 3472 dicto
875 3430 961 3473 enno
976 3412 1119 3475 secundo
1134 3412 1344 3476 irrotulatum
1358 3413 1394 3475 iu
1410 3415 1628 3478 memorandis
1643 3413 1810 3499 predictis,

302 3495 342 3560 de
357 3497 496 3560 termino
510 3497 667 3580 predicto,
682 3496 788 3562 rotulo
803 3497 915 3562 tercio.

887 3667 1236 3684 ——U

707 3771 930 3837 Huunasnuu
953 3792 997 3837 nu
1019 3771 1410 3843 BRENOHEBORGH.

350 3907 438 3970 Item
464 3908 660 3991 respondent
685 3908 724 3971 de
748 3909 828 3994 vie.
846 3911 988 3993 receptis
1013 3910 1055 3972 de
1080 3910 1179 3974 Ivone
1205 3909 1398 3996 Fitzwaryn,
1413 3933 1469 3998 pro
1495 3913 1640 3979 dominio
1663 3913 1758 3998 burgi
1773 3913 1814 3976 de

305 3997 457 4072 wacon,
472 3998 568 4058 tento
594 3995 635 4057 de
661 3995 794 4058 domino
819 4017 909 4080 rege,
933 3997 968 4059 in
996 4000 1134 4083 socagio‚
1151 4000 1220 4062 sine
1245 4000 1366 4078 medio,
1391 4002 1486 4086 juxta
1504 4001 1712 4066 afferenciam
1727 4020 1813 4066 xxa.

305 4082 390 4168 quod
420 4080 553 4165 quidem
582 4081 765 4145 dominium
794 4083 883 4146 valet
913 4104 971 4166 per
999 4104 1122 4148 aunum
1154 4083 1243 4170 vj.lc'.
1274 4089 1358 4150 sicut
1390 4091 1578 4152 continetur
1611 4092 1646 4153 iu
1675 4089 1814 4172 quadam

306 4170 523 4254 inquisicione
545 4189 654 4232 coram
683 4169 820 4253 prefatis
849 4170 1087 4250 collectoribus,
1115 4174 1238 4238 virtute
1268 4173 1437 4238 literarum
1467 4176 1700 4258 predictarum,
1730 4175 1817 4260 apud

307 4259 434 4322 Novam
450 4255 667 4321 Sarisburiam
683 4262 791 4341 capte,
805 4263 838 4322 et
855 4278 954 4343 penes
970 4259 1029 4323 bas
1043 4260 1218 4344 particulas
1232 4269 1443 4328 remamente.

738 4483 960 4551 Husnaunurr
983 4507 1028 4552 nn
1050 4487 1382 4556 WONDERDYCH.

351 4619 395 4682 Et
410 4618 452 4682 de
465 4618 542 4683 lx.a.
558 4621 700 4704 receptis
727 4620 768 4684 de
794 4623 946 4706 episcopo
966 4621 1213 4705 sarisburiensi,
1231 4647 1287 4709 pro
1313 4625 1464 4690 omnibus
1479 4627 1642 4705 maneriis,
1660 4627 1766 4706 terris,
1784 4633 1819 4692 et

310 4707 507 4769 tenementis
522 4708 599 4786 suis,
615 4728 679 4791 que
693 4707 792 4772 babet
807 4712 894 4772 infra
909 4712 1104 4774 comitatum
1120 4711 1251 4790 writes,
1265 4720 1360 4776 tenta
1375 4714 1416 4776 de
1431 4715 1564 4778 domino
1579 4735 1655 4799 rege
1677 4715 1731 4778 i.c.
1749 4717 1819 4778 sine

306 4795 503 4964 ffiisslffr
528 4796 702 4858 servicium
729 4798 831 4859 trium
859 4796 1030 4861 feodorum
1058 4798 1218 4878 militum,
1233 4802 1318 4864 sicut
1341 4802 1530 4867 continetur
1552 4804 1586 4864 in
1602 4802 1820 4883 inquisicione

744 5071 965 5139 Hvunannuu
989 5097 1033 5142 na
1057 5076 1381 5144 ALWARDBURY.

353 5201 399 5266 Et
413 5203 453 5266 de
470 5223 556 5269 urs.
574 5206 713 5289 receptis
736 5205 777 5269 de
802 5207 925 5273 Milone
952 5209 1125 5296 Stapelton
1149 5218 1184 5277 et
1209 5211 1354 5276 Henrico
1370 5211 1517 5297 Popbam
1534 5233 1592 5296 pro
1605 5215 1761 5278 maneriis
1776 5215 1818 5278 de

309 5290 428 5355 Duorvu
443 5295 478 5355 et
492 5292 800 5373 Wnsucavnsrunu‚
817 5298 919 5360 tentis
932 5298 972 5361 de
986 5319 1063 5384 rege
1078 5301 1130 5366 ic.
1147 5302 1217 5368 sine
1243 5300 1365 5380 medio,
1379 5320 1437 5385 per
1460 5301 1631 5367 servicium
1658 5321 1714 5368 uu.
1732 5302 1754 5366 f.
1771 5323 1816 5369 m.

306 5379 393 5444 siout
412 5379 601 5444 continetur
614 5381 649 5446 in
664 5383 880 5472 inquisicione
894 5386 1049 5469 predicte.
