4092 6117
920 558 1001 629 Ab.
1027 563 1122 630 1428.

709 854 929 920 Hunnannvu
953 876 997 920 nn
1021 855 1326 924 MELKESHAM.

312 989 488 1074 inquisicio
512 996 607 1073 capta
633 990 719 1074 apud
747 990 901 1073 Devyses,
927 990 983 1054 die
1009 991 1129 1054 Martis
1153 993 1300 1075 proximo
1325 996 1403 1056 anta
1430 993 1551 1056 festum
1576 991 1772 1055 Nativitatis

265 1075 376 1140 Sancti
406 1075 565 1140 Johsnnis
594 1075 755 1160 Baptiste,
790 1098 876 1141 anno
914 1080 1008 1164 regni
1046 1081 1131 1162 regis
1170 1076 1305 1142 Henrici
1340 1079 1424 1142 sexli
1447 1089 1523 1162 post
1555 1100 1613 1143 con
1639 1083 1771 1143 uentum

264 1170 365 1242 sexto,
381 1184 487 1227 coram
505 1164 525 1228 J
528 1163 652 1227 ohanne
667 1165 768 1248 Payn,
786 1166 926 1230 Roberto
942 1165 1052 1249 Erley,
1074 1165 1225 1230 Johanne
1250 1165 1383 1249 Sturmy
1400 1168 1440 1230 ds
1455 1102 1771 1240 Axesord,lobsnne

267 1250 350 1332 Bryd
380 1250 421 1314 de
451 1250 670 1335 Merleburgh,
702 1253 846 1316 Henrico
878 1252 1047 1338 Bradelsy,
1077 1252 1226 1318 Johaune
1257 1253 1410 1337 Sturmey
1441 1253 1482 1317 de
1514 1253 1773 1330 Wachenesfeld,

266 1336 412 1400 ‚Iohanne
428 1337 528 1421 Buye,
543 1338 708 1402 Willelmo
723 1340 815 1402 ’Lord
838 1341 878 1404 de
901 1340 993 1403 Nova
1017 1341 1213 1418 Sarisburia,
1227 1351 1261 1404 et
1281 1339 1431 1404 Johanue
1449 1341 1633 1405 Mountfort
1648 1343 1688 1403 de
1704 1341 1771 1423 Lye

265 1426 358 1508 juxta
374 1425 412 1484 W
415 1425 560 1509 estbury,
574 1426 802 1490 collectoribus
825 1428 961 1490 subsidii
984 1427 1110 1490 domini
1127 1430 1261 1512 regiain
1285 1429 1447 1491 comitatu
1464 1427 1579 1491 Wiltes
1594 1430 1628 1490 in
1651 1428 1772 1490 ultimo

266 1512 479 1597 parliamento
506 1534 563 1576 suo
587 1515 674 1597 apud
702 1514 1027 1579 westmonasterium
1054 1517 1087 1577 iu
1113 1516 1279 1598 quindena
1305 1515 1418 1578 Sancti
1451 1515 1623 1579 Michaelis
1651 1515 1771 1578 ult-imo

266 1602 421 1683 preterita
451 1606 543 1664 tento
573 1603 724 1678 concessi,
749 1622 807 1685 per
836 1609 1075 1665 sacramentum
1106 1603 1232 1666 Thome
1264 1603 1412 1680 Hencolr,
1445 1603 1573 1665 Ricardi
1605 1601 1770 1682 Chambre,

269 1687 426 1750 Willelmi
454 1688 563 1764 Hulle,
591 1688 745 1751 Willelmi
773 1688 960 1773 Coruysshe,
985 1689 1143 1753 Willelmi
1171 1690 1289 1774 Bailly,
1317 1689 1477 1754 Johennis
1503 1688 1596 1766 Paua,
1620 1688 1771 1754 Nicholai

267 1773 364 1851 Rolff,
395 1775 514 1860 Rogeri
543 1774 694 1860 Knyght,
720 1774 880 1840 Johsunis
912 1775 1049 1854 Bakare,
1081 1777 1241 1841 Johennis
1272 1777 1419 1860 Gyffard,
1444 1777 1563 1861 Rogeri
1593 1776 1705 1859 Amys,
1736 1783 1770 1841 et

267 1860 425 1925 Johaunis
451 1861 565 1941 Monk,
591 1863 785 1949 juratorum,
810 1863 994 1948 juratorum
1019 1865 1060 1926 ds
1083 1862 1249 1928 hundredo
1274 1866 1315 1928 de
1341 1864 1557 1942 hlcllresham,
1580 1865 1639 1947 qui
1654 1864 1771 1928 dicunt

267 1959 614 2032 supersacramentum
630 1971 724 2013 suum
740 1954 827 2036 quod
842 1971 954 2014 omnes
968 1972 1100 2034 persone
1117 1952 1148 2014 in
1173 1953 1237 2014 ista
1261 1952 1477 2036 inquisicione
1503 1952 1668 2014 nominate
1694 1957 1771 2016 sunt
1801 1964 1805 1971 ’

266 2036 377 2099 seisite
391 2048 426 2099 et
439 2039 685 2119 possessiouate,
701 2048 735 2100 et
750 2058 861 2101 eorum
876 2038 1023 2121 quelibet
1038 2049 1088 2100 est
1103 2039 1216 2101 saisita
1241 2047 1276 2102 et
1300 2039 1536 2122 possessionata
1559 2039 1600 2102 de
1624 2037 1721 2101 terris
1736 2045 1772 2101 et

266 2126 466 2185 tenementis
481 2125 514 2185 in
531 2123 698 2187 dominico
713 2144 772 2189 suo
786 2133 826 2188 ut
840 2125 879 2188 de
894 2125 994 2188 libero
1010 2133 1212 2204 tenemento,
1229 2133 1264 2189 et
1287 2131 1406 2189 tenent
1428 2146 1485 2189 scu
1511 2131 1603 2189 tenet
1619 2125 1714 2188 modo
1736 2133 1773 2188 et

266 2208 369 2272 forma
384 2210 441 2292 qui
455 2216 623 2294 sequntur,
641 2212 806 2290 videlicet,
824 2215 910 2295 quod
922 2234 975 2274 :-

309 2397 474 2462 lohannes
489 2399 644 2484 Emesley
660 2408 752 2464 tenet
777 2402 960 2465 inmediate
986 2401 1028 2465 de
1052 2400 1192 2464 Ricardo
1219 2401 1432 2478 Mautravers,
1447 2408 1485 2465 ut
1500 2402 1541 2464 de
1557 2403 1699 2465 manerio
1714 2421 1772 2464 suo

266 2486 307 2548 de
322 2485 457 2569 Kyvels,
472 2495 563 2550 certa
576 2495 678 2550 terras
693 2496 728 2551 et
743 2494 931 2553 tenemento
944 2491 979 2552 in
996 2489 1230 2566 Ponnasuonr,
1246 2508 1309 2571 que
1334 2509 1436 2572 nuper
1462 2489 1596 2553 luerunt
1622 2488 1770 2552 Nicholai

267 2572 411 2652 llurdon,
425 2595 482 2657 per
496 2575 669 2638 servicium
685 2596 742 2639 un.
759 2575 783 2641 s.
797 2586 845 2641 m.

310 2744 468 2808 Ricardus
495 2742 595 2825 Mayn
620 2749 714 2807 tenet
740 2745 918 2808 inmediate
934 2745 973 2806 de
989 2744 1129 2807 Ricardo
1151 2744 1367 2825 Mautravers,
1384 2752 1423 2808 ut
1438 2744 1479 2808 ds
1495 2747 1641 2808 manerio
1656 2764 1714 2808 sno
1729 2744 1770 2808 de

267 2830 406 2916 Kyvele‚
420 2836 508 2893 certa
534 2835 636 2893 terras
659 2839 694 2894 et
719 2837 908 2894 tenementa
933 2832 968 2894 in
995 2831 1235 2908 anuvssuorv,
1262 2852 1325 2917 que
1341 2851 1443 2916 nuper
1459 2833 1596 2895 luerunt
1611 2831 1772 2894 Willelmi

268 2918 414 2994 Musard,
428 2937 486 3002 per
500 2917 671 2981 servicium
687 2917 732 2982 di.
749 2918 772 2982 f.
789 2939 834 2984 m.

310 3085 467 3149 Ricardus
482 3084 687 3148 Mautravers
701 3091 793 3148 tenet
811 3085 990 3149 inmediate
1005 3086 1047 3150 de
1061 3087 1195 3150 domino
1209 3105 1287 3171 rege
1301 3091 1392 3150 certa
1406 3095 1509 3150 terras
1523 3091 1557 3150 et
1581 3090 1773 3151 tenementa

266 3174 301 3324 ln
317 3175 552 3249 Bumrvucrou,
568 3193 632 3256 que
657 3192 762 3256 nuper
787 3173 922 3236 fuerunt
939 3174 1070 3236 comitis
1097 3172 1297 3250 Aruudellie,
1313 3193 1370 3258 per
1384 3174 1558 3238 servicium
1574 3173 1656 3261 xiiij.
1672 3175 1773 3258 partis

281 3311 289 3326 .
305 3280 359 3326 un.
375 3281 422 3330 m.

309 3397 441 3475 cecilia,
456 3418 520 3479 que
544 3396 611 3458 fuit
636 3417 716 3458 uxor
741 3395 898 3460 Willelmi
926 3394 1070 3480 Cheyny,
1097 3396 1227 3473 militis,
1242 3404 1334 3461 tenet
1349 3398 1530 3460 inmediate
1544 3398 1585 3460 de
1600 3397 1774 3462 Edmundo

267 3484 411 3568 Cheyny,
425 3486 594 3568 armigero,
610 3485 646 3545 in
662 3485 772 3547 dotem
786 3491 875 3547 certa
889 3494 993 3547 terras
1008 3493 1042 3546 et
1059 3490 1249 3547 tenementa
1274 3486 1310 3546 in
1338 3484 1560 3564 Hunruaros,
1581 3504 1645 3568 que
1670 3505 1774 3569 nuper

266 3576 399 3636 luerunt
417 3572 551 3633 Walteri
566 3571 607 3633 de
623 3570 776 3655 Paveley,
790 3592 845 3655 per
860 3571 1032 3634 servicium
1048 3569 1094 3636 di.
1111 3569 1135 3634 f.
1152 3591 1198 3634 m.

310 3740 494 3804 Willelmus
509 3739 669 3818 Soweche,
684 3744 718 3802 et
921 3761 1001 3805 uxor
1015 3741 1097 3825 ejus,
1113 3745 1226 3805 tenent
1239 3738 1420 3802 inmediate
1436 3737 1477 3800 de
1493 3737 1625 3802 domino
1639 3760 1715 3825 rege
1730 3741 1771 3804 de

267 3829 388 3892 ducatu
403 3849 461 3891 suo
478 3828 664 3890 Lancastrie
680 3833 716 3890 ut
732 3827 774 3890 de
788 3825 909 3890 honore
924 3849 982 3891 suo
997 3828 1036 3892 de
1052 3827 1218 3913 Trobrygg
1235 3835 1327 3891 certa
1342 3833 1444 3890 terras
1460 3831 1494 3888 et
1521 3829 1711 3890 tenementa
1735 3829 1769 3890 iu

268 3917 485 4068 lllfflm'
501 3936 563 3998 quc
589 3935 691 3998 nuper
717 3916 848 3978 fuerunt
874 3915 1010 3979 Walteri
1036 3916 1076 3979 de
1104 3915 1236 3999 Pavely,
1261 3935 1319 3998 per
1345 3913 1515 3977 servicium
1533 3919 1646 3997 quarte
1668 3916 1771 3997 partis

310 4139 476 4204 lohannes
501 4137 667 4222 Chydyolr,
694 4138 798 4215 miles,
824 4146 916 4201 tenet
947 4139 1127 4204 inmediate
1158 4139 1198 4202 de
1225 4139 1358 4201 domino
1387 4158 1462 4222 rege
1492 4137 1532 4200 de
1563 4136 1686 4202 ducatu
1713 4160 1770 4203 suo

270 4227 465 4304 bancastrie,
476 4236 515 4288 ut
529 4228 570 4288 de
586 4225 705 4288 honore
720 4247 778 4288 suo
792 4225 832 4288 de
847 4227 1027 4311 Trobrygg,
1038 4235 1128 4290 certa
1143 4231 1243 4290 terras
1257 4234 1290 4289 et
1303 4234 1489 4288 tenements
1502 4225 1538 4288 in
1550 4224 1769 4306 Huneuanorv,

268 4337 330 4401 que
344 4334 450 4398 nuper
463 4314 595 4377 fuerunt
614 4313 748 4376 walteri
764 4313 804 4376 de
820 4312 971 4398 Paveley,
985 4334 1045 4396 per
1062 4314 1235 4377 servicium
1251 4317 1367 4396 quarte
1383 4313 1486 4394 partis
1500 4311 1524 4378 f.
1541 4332 1597 4379 un.
1614 4334 1659 4378 m.

311 4483 472 4547 Walterns
488 4479 706 4564 Beauchamp,
724 4481 829 4558 miles,
847 4486 940 4545 tenet
954 4462 1136 4544 inmediate
1152 4481 1193 4544 de
1208 4481 1339 4544 domino
1355 4499 1440 4565 rege,
1457 4485 1495 4542 ut
1510 4477 1552 4543 de
1567 4481 1688 4544 ducatu
1711 4501 1770 4544 suo

269 4571 467 4646 lancastrie,
481 4579 521 4632 ut
534 4570 575 4631 de
590 4566 709 4631 honore
724 4587 783 4631 suo
796 4567 836 4630 de
851 4568 1030 4654 Trobrygg,
1045 4577 1133 4632 certa
1147 4575 1250 4631 terres
1266 4575 1300 4631 st
1322 4573 1511 4630 tenemento
1532 4569 1566 4630 in
1583 4568 1769 4648 Wnannors,

268 4679 331 4743 que
345 4677 449 4740 nuper
465 4655 597 4719 luerunt
611 4653 771 4719 Johannis
787 4655 879 4735 Holt,
896 4676 954 4739 per
969 4656 1141 4719 servicium
1156 4655 1201 4720 di.
1218 4655 1242 4720 f.
1260 4675 1316 4719 un.
1333 4675 1378 4720 m.

312 4825 477 4892 lohannes
492 4821 642 4907 Beynton
658 4830 752 4886 tenet
768 4822 949 4886 inmediate
965 4823 1006 4886 de
1021 4822 1172 4886 Johsnne
1187 4821 1335 4898 Fastolff,
1348 4821 1468 4898 milite,
1493 4827 1531 4884 ut
1558 4820 1597 4884 de
1624 4825 1771 4887 manerio

270 4935 326 4978 suo
340 4915 380 4976 de
395 4910 525 4988 Combe,
540 4917 628 4973 certa
653 4914 754 4974 terras
779 4927 814 4972 er
839 4917 1029 4975 tenementa
1056 4913 1091 4973 in
1119 4910 1250 4987 Snawn,
1276 4929 1340 4992 que
1364 4929 1466 4992 nuper
1480 4907 1614 4971 luerunt
1629 4907 1771 4975 Simonis

269 5001 394 5078 Basret,
410 5018 468 5083 per
483 4998 657 5061 servicium
673 5003 788 5080 quarte
804 4999 908 5081 partis
923 4998 946 5063 f.
962 5018 1018 5062 un.
1035 5019 1080 5063 m.

312 5168 476 5233 lohannes
490 5164 657 5242 Stourton‚
671 5164 825 5249 armiger,
840 5172 934 5229 tenet
950 5166 1131 5230 inmediate
1145 5166 1188 5230 de
1203 5164 1328 5231 Thomu
1343 5163 1674 5247 Bsaumond,milite,
1683 5173 1771 5232 certa

271 5265 373 5321 terrm
394 5265 430 5318 et
452 5259 643 5319 tenemento
666 5251 701 5314 in
726 5252 958 5331 Pounnsnonr,
974 5273 1038 5334 que
1060 5273 1165 5337 nuper
1187 5255 1321 5318 suerrmt
1335 5251 1551 5320 lobannisde
1567 5252 1772 5334 Poulesholt,

271 5364 325 5428 per
340 5341 507 5406 servicium
524 5360 581 5406 un.
598 5337 621 5403 f.
636 5359 683 5404 m.
