4092 6117
304 601 369 676 282
917 601 1190 678 wlarsffleu.

303 906 490 992 Westbury‚
521 906 749 970 collectoribus
778 907 917 971 subsidii
945 907 1071 970 domini
1101 907 1187 990 regie
1216 908 1252 970 in
1280 907 1440 970 comitatu
1470 904 1588 969 Wiltes
1625 905 1660 966 in
1693 903 1809 966 ultimo

303 993 519 1077 parliamento
544 1013 603 1058 suo
631 998 726 1058 tento
754 993 842 1077 apud
873 993 1203 1058 westmonasterium
1231 996 1267 1057 in
1297 992 1464 1076 quindena
1493 991 1607 1056 Sancti
1637 989 1810 1054 Michaelis

303 1081 422 1144 ultimo
438 1082 608 1163 preterita
633 1083 788 1161 concessi,
811 1103 867 1165 per
897 1086 1138 1145 sacramentum
1168 1080 1303 1144 Rcherti
1334 1080 1453 1160 Grene,
1483 1080 1642 1144 Willelmi
1671 1077 1809 1154 Burton,

302 1168 425 1232 Thome
453 1167 592 1247 Touher,
621 1167 780 1233 Johaunis
803 1168 958 1245 'l'aillour‚
983 1169 1117 1233 Ricardi
1144 1169 1292 1252 Danyell‚
1321 1169 1459 1234 Walteri
1488 1167 1627 1244 Giffard,
1651 1163 1810 1229 iohannis

303 1255 406 1335 Horu,
444 1255 566 1320 Th0me
603 1255 786 1340 Hynebest,
823 1254 947 1320 Thome
978 1257 1147 1342 Swevyng‚
1179 1255 1338 1319 Johannie
1368 1254 1447 1332 cok,
1475 1253 1598 1319 Thome
1628 1251 1746 1330 Baiter,
1774 1260 1809 1316 et

302 1341 454 1406 Edwardi
469 1339 588 1421 North,
599 1342 799 1426 juratorum,
809 1342 996 1427 juratorum
1011 1344 1052 1408 de
1066 1341 1237 1408 hundredo
1252 1344 1293 1407 de
1310 1343 1475 1418 Dounton,
1490 1343 1547 1426 qui
1572 1343 1689 1406 dicunt
1715 1361 1811 1424 super

301 1436 539 1494 sacramentum
556 1451 661 1510 suum,
677 1431 764 1516 quod
778 1451 892 1494 omnes
906 1451 1042 1515 persone
1058 1431 1092 1493 in
1108 1432 1172 1494 ista
1187 1431 1403 1517 inquisicione
1418 1435 1585 1494 nominate
1601 1435 1678 1492 sunt
1700 1429 1809 1492 seiaite

299 1525 333 1580 et
361 1519 611 1601 possessionate,
639 1525 675 1582 et
704 1537 816 1582 eorum
848 1519 992 1603 quelibet
1021 1523 1072 1581 aet
1102 1519 1213 1582 saisita
1246 1525 1279 1581 et
1317 1519 1553 1602 possessionata
1582 1518 1624 1580 de
1654 1517 1750 1580 terris
1774 1523 1809 1578 et

299 1606 496 1669 tenementis
518 1605 553 1668 in
576 1606 743 1670 dominico
766 1626 835 1682 suo,
850 1614 886 1669 ut
904 1605 945 1668 de
960 1605 1063 1670 libem
1077 1611 1278 1684 tenemento,
1294 1611 1328 1669 et
1343 1612 1467 1684 tenum,
1483 1626 1541 1668 seu
1556 1613 1649 1668 tenet
1663 1603 1758 1666 modo
1773 1611 1808 1666 et

299 1691 403 1755 forma
418 1693 476 1777 qui
491 1693 651 1776 sequitur,
666 1692 831 1772 videlicet,
845 1693 932 1776 quod
942 1715 994 1755 r·-

344 1880 485 1946 Briauus
521 1882 563 1945 de
600 1879 776 1965 Stapulton
814 1889 849 1945 et
885 1881 1052 1946 Johannes
1083 1882 1182 1946 Baret
1214 1861 1331 1946 tenent
1361 1882 1556 1946 immediate
1586 1882 1627 1944 de
1657 1883 1807 1964 episcopo

298 1968 525 2051 Wyntonienai
540 1975 628 2032 certa
643 1975 745 2034 terras
760 1975 796 2033 st
810 1976 1007 2048 tenemento,
1024 1991 1088 2053 que
1103 1990 1206 2054 nuper
1229 1972 1361 2033 fuerunt
1378 1969 1529 2034 Alianore
1546 1970 1587 2032 de
1603 1968 1756 2054 lngham,
1773 1976 1808 2032 et

191 2087 194 2092 ·
299 2056 451 2142 Hugonis
466 2056 507 2121 de
521 2056 682 2135 Babeton‚
696 2058 730 2120 in
746 2057 1018 2137 Hammawoarn,
1033 2078 1091 2143 per
1107 2059 1189 2124 duae
1205 2063 1311 2142 partes
1326 2078 1382 2122 un.
1397 2057 1420 2122 i.
1438 2079 1483 2123 m.

341 2191 507 2258 Johsnnes
529 2193 653 2279 Hugon
677 2199 770 2259 tenet
794 2194 999 2274 immediate,
1026 2194 1067 2256 de
1097 2193 1250 2277 episcopo
1279 2194 1494 2277 Wytoniensi,
1521 2198 1611 2257 certa
1639 2199 1742 2256 terras
1771 2201 1806 2258 et

296 2286 501 2435 dinimrhm'
535 2302 598 2365 que
635 2302 739 2367 nuper
774 2281 911 2346 fuerunt
941 2281 1104 2346 Johaunia
1133 2281 1174 2344 de
1204 2279 1414 2364 Grymatede,
1442 2281 1478 2344 in
1508 2282 1721 2360 Cnsannuou,
1748 2302 1806 2366 per

340 2504 505 2573 Johannes
529 2505 669 2589 Tiptoit,
692 2507 848 2584 chivaler,
872 2511 965 2570 tenet
990 2505 1184 2569 immediate
1211 2503 1251 2568 de
1275 2506 1427 2588 episcopo
1452 2506 1693 2589 Wyntoniensi,
1717 2513 1805 2572 certa

297 2601 397 2658 terras
422 2601 458 2657 et
479 2598 679 2672 tenemento,
694 2614 757 2676 que
779 2613 883 2677 nuper
906 2591 1042 2658 fuerunt
1063 2591 1223 2656 Johannis
1245 2593 1285 2656 de
1308 2591 1470 2673 Bereiord,
1485 2595 1520 2656 in
1536 2593 1730 2674 Braurona,
1746 2617 1804 2680 per

295 2682 430 2746 terciam
444 2687 570 2764 partam
585 2701 641 2747 un.
657 2679 682 2746 f.
698 2702 745 2747 m.

340 2817 484 2883 Heredes
509 2816 668 2883 Johannis
691 2819 733 2883 de
758 2817 927 2882 Bokelond
953 2823 1070 2882 tenent
1100 2819 1291 2882 immediate
1321 2819 1360 2882 de
1390 2819 1539 2903 episcopo
1564 2819 1802 2904 Wyntoniensi‚

295 2915 384 2972 certa
420 2913 522 2970 terras
559 2911 593 2969 et
629 2910 832 2986 tenemento,
868 2926 932 2991 que
969 2925 1073 2988 nuper
1110 2907 1242 2971 luerunt
1278 2904 1437 2969 iohannis
1473 2907 1514 2969 de
1551 2906 1730 2988 Bokelond,
1767 2913 1803 2973 in

296 2997 580 3073 Pannmaewacn,
594 3013 653 3078 per
666 3002 746 3057 xv·¹¹¹
762 3003 889 3077 partem
905 3013 961 3056 un.
978 2994 1001 3059 f.
1018 3015 1065 3059 m.

338 3131 482 3197 Heredes
496 3131 654 3199 Willelmi
670 3131 767 3216 Duyn
784 3137 895 3196 tenent
919 3131 1111 3196 immediate
1126 3132 1166 3196 de
1181 3132 1330 3215 episcopo
1345 3133 1585 3217 Wyntoniensi,
1601 3139 1689 3197 certa
1703 3141 1804 3199 terras

293 3228 329 3285 et
358 3227 558 3297 tenemento,
580 3240 645 3305 qne
667 3239 773 3302 nuper
796 3221 929 3284 fuerunt
954 3219 1112 3287 Willelmi
1143 3219 1253 3303 Duyn,
1283 3222 1319 3283 in
1343 3221 1554 3299 Gaianarum,
1581 3243 1638 3304 per
1667 3225 1801 3286 terciam

293 3307 589 3394 partamun.i.m.

335 3443 527 3511 Elimbetha
557 3445 625 3529 Lye
654 3451 745 3509 tenet
777 3443 967 3509 immediate
998 3445 1040 3507 de
1071 3445 1212 3532 episcopi
1244 3445 1484 3529 Wyntoniensi,
1514 3449 1602 3510 certa
1630 3451 1733 3510 terres
1767 3453 1802 3511 et

294 3539 495 3615 tenementa,
511 3555 574 3618 que
589 3553 694 3616 nuper
708 3532 843 3596 inerunt
857 3531 1019 3596 Johennis
1035 3531 1171 3616 Upbnll,
1187 3533 1221 3595 in
1237 3533 1537 3613 Fnauananueroa,
1554 3534 1670 3616 perdi.
1687 3535 1710 3600 f.
1727 3555 1772 3600 m.

336 3669 499 3745 Johanna,
529 3691 592 3757 que
623 3670 688 3734 fuit
717 3690 799 3732 uxor
828 3667 977 3733 Nicholai
1017 3669 1176 3754 Beynton,
1205 3675 1299 3734 tenet
1335 3671 1540 3749 immediate,
1572 3673 1613 3736 de
1652 3674 1803 3757 episcopo

295 3759 534 3846 Wyntonienai,
550 3763 640 3822 certa
654 3761 756 3822 terras
770 3765 806 3820 et
820 3761 1013 3822 tenementa
1027 3777 1091 3841 qne
1106 3777 1210 3841 nuper
1234 3757 1369 3822 fuerunt
1392 3756 1517 3824 Thome
1533 3759 1574 3823 de
1589 3759 1753 3843 Beynton,
1766 3763 1801 3822 in

294 3847 596 3924 quaaannsrou,
610 3864 669 3930 per
683 3866 741 3908 un.
755 3844 779 3909 i.
795 3866 842 3911 m.

340 3985 532 4068 lodewycus
546 3982 668 4067 Mewys
683 3989 718 4046 et
728 3981 870 4046 Thomas
881 3981 1014 4066 Martyn
1027 3988 1145 4047 tenent
1156 3983 1349 4048 immediate
1364 3983 1405 4047 de
1416 3984 1567 4068 episcopo
1577 3985 1803 4069 Wyntoniensi

292 4079 382 4225 {prtia
392 4080 508 4226 npetrus
530 4077 567 4135 et
592 4074 796 4147 tenemento,
810 4089 874 4154 qua
898 4089 1004 4153 nuper
1028 4072 1159 4134 fuerunt
1174 4069 1333 4136 Johannis
1348 4071 1471 4156 Uphull
1487 4073 1523 4135 in
1539 4073 1589 4138 Im
1606 4073 1730 4152 Tuane,
1746 4095 1803 4158 per

337 4294 498 4374 iohanne,
534 4313 599 4379 que
636 4293 703 4357 fuit
740 4311 820 4356 uxor
849 4291 1002 4357 Nicholai
1037 4293 1198 4378 Beynton,
1229 4299 1318 4359 tenet
1349 4295 1540 4360 immediate
1577 4298 1617 4362 de
1653 4301 1804 4384 episcopo

292 4383 521 4469 Wyntoniensi
548 4387 636 4445 certa
663 4387 769 4445 terras
794 4387 829 4445 et
855 4387 1060 4458 tenemento,
1075 4401 1139 4464 que
1154 4402 1259 4466 nuper
1272 4383 1406 4447 bierunt
1421 4382 1574 4447 Nicholai
1590 4384 1754 4470 Beynton,
1769 4390 1805 4451 in

294 4473 533 4541 anucnnsroa
549 4477 583 4533 et
600 4469 652 4534 La
668 4469 793 4546 Tusce,
809 4488 865 4552 per
880 4487 935 4532 un.
951 4467 976 4532 f.
990 4490 1036 4535 m.

336 4609 483 4673 Heredes
503 4606 664 4674 Willelmi
689 4609 824 4691 Ingram
850 4613 968 4670 tenent
993 4592 1188 4671 immediate
1218 4608 1260 4671 de
1286 4609 1436 4692 episcopo
1461 4609 1689 4692 Wyntonieuei
1714 4620 1802 4678 certa

288 4703 391 4849 appia:
404 4699 733 4867 antepeffiffinque
748 4713 853 4776 nuper
868 4693 1004 4758 luerunt
1018 4694 1176 4760 Willelmi
1192 4695 1334 4778 ingram,
1349 4698 1383 4758 in
1400 4696 1540 4762 Knoran
1555 4717 1612 4780 per
1626 4701 1799 4764 servicium

332 4921 457 4987 Dicunt
485 4918 623 4983 ulterius
645 4918 786 5002 predicti
809 4917 982 5004 juratores,
999 4920 1087 5007 quod
1110 4940 1175 4984 non
1203 4927 1281 4984 sunt
1308 4921 1373 4984 alie
1397 4940 1542 5004 persone,
1558 4923 1625 4988 aive
1640 4927 1801 5004 tenentes,

289 5011 376 5076 inira
404 5006 608 5072 hundredum
637 5005 821 5090 predictum
853 5009 964 5072 seisite
994 5010 1030 5071 in
1061 5009 1223 5072 dominico
1253 5029 1312 5072 suo
1335 5009 1538 5089 immediate,
1563 5017 1602 5074 ut
1630 5012 1670 5076 de
1699 5011 1800 5078 libero

289 5102 487 5176 tenemento,
503 5093 591 5158 unde
605 5093 719 5157 eedem
733 5113 883 5176 persone,
897 5097 965 5159 sive
980 5103 1143 5175 tenentes,
1159 5096 1397 5177 possessionate
1419 5097 1578 5175 existunt,
1603 5099 1660 5184 qui
1686 5105 1801 5166 tenent

289 5207 355 5338 papl
360 5187 528 5288 integrum
541 5181 676 5247 feodum
691 5179 823 5257 militis,
836 5181 1060 5262 medietatem,
1075 5183 1225 5264 terciam,
1240 5183 1293 5248 vel
1308 5187 1471 5270 quartam,
1486 5189 1613 5268 partem
1639 5207 1694 5252 un.
1711 5187 1736 5253 i.
1752 5209 1798 5256 m.

288 5293 323 5338 ur
355 5291 458 5338 usare.

333 5409 376 5474 ln
389 5409 484 5494 cnjus
495 5408 547 5473 rei
559 5405 788 5472 testimouium
803 5411 868 5471 stc.
