<?xml version="1.0" encoding="UTF-8"?>
<!DOCTYPE html PUBLIC "-//W3C//DTD XHTML 1.0 Transitional//EN"
    "http://www.w3.org/TR/xhtml1/DTD/xhtml1-transitional.dtd">
<html xmlns="http://www.w3.org/1999/xhtml" xml:lang="en" lang="en">
 <head>
  <title>
</title>
<meta http-equiv="Content-Type" content="text/html;charset=utf-8" />
  <meta name='ocr-system' content='tesseract 3.04.00' />
  <meta name='ocr-capabilities' content='ocr_page ocr_carea ocr_par ocr_line ocrx_word'/>
</head>
<body>
  <div class='ocr_page' id='page_1' title='image "./inquisitionsand03offigoog_0245.png"; bbox 0 0 4092 6117; ppageno 0'>
   <div class='ocr_carea' id='block_1_1' title="bbox 915 613 1766 701">
    <p class='ocr_par' dir='ltr' id='par_1_1' title="bbox 915 613 1766 701">
     <span class='ocr_line' id='line_1_1' title="bbox 915 613 1766 701; baseline 0.002 -2"><span class='ocrx_word' id='word_1_1' title='bbox 915 627 1000 700; x_wconf 67' lang='lat' dir='ltr'><strong>nn.</strong></span> <span class='ocrx_word' id='word_1_2' title='bbox 1026 633 1121 701; x_wconf 75' lang='lat'>1402.</span> <span class='ocrx_word' id='word_1_3' title='bbox 1701 613 1766 701; x_wconf 78' lang='lat' dir='ltr'><strong>too</strong></span> 
     </span>
    </p>
   </div>
   <div class='ocr_carea' id='block_1_2' title="bbox 261 915 1768 1266">
    <p class='ocr_par' dir='ltr' id='par_1_2' title="bbox 261 915 1768 1266">
     <span class='ocr_line' id='line_1_2' title="bbox 305 915 1768 1008; baseline 0.005 -29"><span class='ocrx_word' id='word_1_4' title='bbox 305 915 352 981; x_wconf 87' lang='lat' dir='ltr'><strong>Et</strong></span> <span class='ocrx_word' id='word_1_5' title='bbox 376 918 417 982; x_wconf 90' lang='lat' dir='ltr'><strong>de</strong></span> <span class='ocrx_word' id='word_1_6' title='bbox 442 939 527 986; x_wconf 65' lang='lat' dir='ltr'><strong>xus.</strong></span> <span class='ocrx_word' id='word_1_7' title='bbox 552 923 691 1004; x_wconf 79' lang='lat' dir='ltr'><strong>receptis</strong></span> <span class='ocrx_word' id='word_1_8' title='bbox 720 922 762 985; x_wconf 89' lang='lat' dir='ltr'><strong>de</strong></span> <span class='ocrx_word' id='word_1_9' title='bbox 792 921 941 986; x_wconf 85' lang='lat' dir='ltr'><strong>Johsnne</strong></span> <span class='ocrx_word' id='word_1_10' title='bbox 973 923 1133 1008; x_wconf 85' lang='lat' dir='ltr'><strong>Berkeley</strong></span> <span class='ocrx_word' id='word_1_11' title='bbox 1159 923 1310 1004; x_wconf 84' lang='lat' dir='ltr'><strong>chiveler,</strong></span> <span class='ocrx_word' id='word_1_12' title='bbox 1337 943 1396 1008; x_wconf 94' lang='lat' dir='ltr'><strong>pro</strong></span> <span class='ocrx_word' id='word_1_13' title='bbox 1424 922 1575 987; x_wconf 89' lang='lat' dir='ltr'><strong>omnibus</strong></span> <span class='ocrx_word' id='word_1_14' title='bbox 1604 924 1703 987; x_wconf 85' lang='lat' dir='ltr'><strong>terris</strong></span> <span class='ocrx_word' id='word_1_15' title='bbox 1732 932 1768 988; x_wconf 85' lang='lat' dir='ltr'><strong>et</strong></span> 
     </span>
     <span class='ocr_line' id='line_1_3' title="bbox 262 1008 1768 1091; baseline 0.006 -24"><span class='ocrx_word' id='word_1_16' title='bbox 262 1008 460 1070; x_wconf 79' lang='lat' dir='ltr'><strong>tenementis</strong></span> <span class='ocrx_word' id='word_1_17' title='bbox 483 1009 551 1071; x_wconf 88' lang='lat' dir='ltr'><strong>suis</strong></span> <span class='ocrx_word' id='word_1_18' title='bbox 577 1010 611 1073; x_wconf 93' lang='lat' dir='ltr'><strong>in</strong></span> <span class='ocrx_word' id='word_1_19' title='bbox 628 1011 938 1090; x_wconf 80' lang='lat' dir='ltr'><strong>Wnsnosrusrnnn‚</strong></span> <span class='ocrx_word' id='word_1_20' title='bbox 961 1011 1189 1090; x_wconf 79' lang='lat' dir='ltr'><strong>Pmrnrosn,</strong></span> <span class='ocrx_word' id='word_1_21' title='bbox 1205 1013 1317 1090; x_wconf 72' lang='lat' dir='ltr'><strong>Mons,</strong></span> <span class='ocrx_word' id='word_1_22' title='bbox 1334 1011 1557 1091; x_wconf 68' lang='lat' dir='ltr'><strong>Frentinum,</strong></span> <span class='ocrx_word' id='word_1_23' title='bbox 1573 1011 1768 1090; x_wconf 78' lang='lat' dir='ltr'><strong>Brunnrou,</strong></span> 
     </span>
     <span class='ocr_line' id='line_1_4' title="bbox 262 1093 1768 1184; baseline 0.006 -30"><span class='ocrx_word' id='word_1_24' title='bbox 262 1094 363 1155; x_wconf 84' lang='lat' dir='ltr'><strong>tentis</strong></span> <span class='ocrx_word' id='word_1_25' title='bbox 389 1094 430 1157; x_wconf 92' lang='lat' dir='ltr'><strong>de</strong></span> <span class='ocrx_word' id='word_1_26' title='bbox 455 1093 588 1160; x_wconf 92' lang='lat' dir='ltr'><strong>domino</strong></span> <span class='ocrx_word' id='word_1_27' title='bbox 610 1115 688 1181; x_wconf 82' lang='lat' dir='ltr'><strong>rege</strong></span> <span class='ocrx_word' id='word_1_28' title='bbox 711 1096 763 1161; x_wconf 88' lang='lat' dir='ltr'><strong>i.c.</strong></span> <span class='ocrx_word' id='word_1_29' title='bbox 780 1100 849 1162; x_wconf 91' lang='lat' dir='ltr'><strong>sine</strong></span> <span class='ocrx_word' id='word_1_30' title='bbox 862 1099 984 1178; x_wconf 89' lang='lat' dir='ltr'><strong>medio,</strong></span> <span class='ocrx_word' id='word_1_31' title='bbox 999 1119 1056 1184; x_wconf 87' lang='lat' dir='ltr'><strong>per</strong></span> <span class='ocrx_word' id='word_1_32' title='bbox 1066 1099 1240 1180; x_wconf 66' lang='lat' dir='ltr'><strong>⁵servicium</strong></span> <span class='ocrx_word' id='word_1_33' title='bbox 1257 1121 1313 1164; x_wconf 90' lang='lat' dir='ltr'><strong>un.</strong></span> <span class='ocrx_word' id='word_1_34' title='bbox 1329 1098 1353 1164; x_wconf 85' lang='lat' dir='ltr'><strong>f.</strong></span> <span class='ocrx_word' id='word_1_35' title='bbox 1369 1120 1414 1165; x_wconf 91' lang='lat' dir='ltr'><strong>m.</strong></span> <span class='ocrx_word' id='word_1_36' title='bbox 1430 1101 1516 1163; x_wconf 88' lang='lat' dir='ltr'><strong>sicut</strong></span> <span class='ocrx_word' id='word_1_37' title='bbox 1531 1100 1718 1164; x_wconf 72' lang='lat' dir='ltr'><strong>continetur</strong></span> <span class='ocrx_word' id='word_1_38' title='bbox 1732 1101 1768 1163; x_wconf 92' lang='lat' dir='ltr'><strong>in</strong></span> 
     </span>
     <span class='ocr_line' id='line_1_5' title="bbox 261 1180 647 1266; baseline 0.016 -23"><span class='ocrx_word' id='word_1_39' title='bbox 261 1180 475 1262; x_wconf 82' lang='lat' dir='ltr'><strong>inquisicione</strong></span> <span class='ocrx_word' id='word_1_40' title='bbox 490 1183 647 1266; x_wconf 86' lang='lat' dir='ltr'><strong>predicto.</strong></span> 
     </span>
    </p>
   </div>
   <div class='ocr_carea' id='block_1_3' title="bbox 248 1294 1769 1581">
    <p class='ocr_par' dir='ltr' id='par_1_3' title="bbox 248 1294 1769 1581">
     <span class='ocr_line' id='line_1_6' title="bbox 248 1294 1769 1408; baseline 0.004 -30"><span class='ocrx_word' id='word_1_41' title='bbox 248 1294 252 1300; x_wconf 38' lang='lat'>⁵</span> <span class='ocrx_word' id='word_1_42' title='bbox 307 1317 350 1380; x_wconf 86' lang='lat' dir='ltr'><strong>Et</strong></span> <span class='ocrx_word' id='word_1_43' title='bbox 365 1318 405 1381; x_wconf 90' lang='lat' dir='ltr'><strong>de</strong></span> <span class='ocrx_word' id='word_1_44' title='bbox 420 1319 579 1404; x_wconf 67' lang='lat' dir='ltr'><strong>rxxiiije.</strong></span> <span class='ocrx_word' id='word_1_45' title='bbox 595 1323 736 1405; x_wconf 80' lang='lat' dir='ltr'><strong>receptis</strong></span> <span class='ocrx_word' id='word_1_46' title='bbox 750 1323 792 1386; x_wconf 92' lang='lat' dir='ltr'><strong>de</strong></span> <span class='ocrx_word' id='word_1_47' title='bbox 808 1320 934 1386; x_wconf 74' lang='lat' dir='ltr'><strong>Thomu</strong></span> <span class='ocrx_word' id='word_1_48' title='bbox 948 1310 1051 1408; x_wconf 86' lang='lat' dir='ltr'><strong>Percy</strong></span> <span class='ocrx_word' id='word_1_49' title='bbox 1078 1344 1136 1408; x_wconf 84' lang='lat' dir='ltr'><strong>pro</strong></span> <span class='ocrx_word' id='word_1_50' title='bbox 1160 1325 1304 1388; x_wconf 80' lang='lat' dir='ltr'><strong>manerio</strong></span> <span class='ocrx_word' id='word_1_51' title='bbox 1328 1323 1370 1386; x_wconf 88' lang='lat' dir='ltr'><strong>de</strong></span> <span class='ocrx_word' id='word_1_52' title='bbox 1384 1324 1656 1402; x_wconf 81' lang='lat' dir='ltr'><strong>Wrurnrrsunwn,</strong></span> <span class='ocrx_word' id='word_1_53' title='bbox 1671 1327 1769 1387; x_wconf 87' lang='lat' dir='ltr'><strong>tento</strong></span> 
     </span>
     <span class='ocr_line' id='line_1_7' title="bbox 262 1404 1769 1495; baseline 0.005 -30"><span class='ocrx_word' id='word_1_54' title='bbox 262 1404 303 1467; x_wconf 90' lang='lat' dir='ltr'><strong>de</strong></span> <span class='ocrx_word' id='word_1_55' title='bbox 325 1424 403 1489; x_wconf 86' lang='lat' dir='ltr'><strong>rege</strong></span> <span class='ocrx_word' id='word_1_56' title='bbox 427 1408 481 1470; x_wconf 79' lang='lat' dir='ltr'><strong>ic.</strong></span> <span class='ocrx_word' id='word_1_57' title='bbox 499 1409 569 1471; x_wconf 87' lang='lat' dir='ltr'><strong>sine</strong></span> <span class='ocrx_word' id='word_1_58' title='bbox 595 1409 714 1487; x_wconf 86' lang='lat' dir='ltr'><strong>medio,</strong></span> <span class='ocrx_word' id='word_1_59' title='bbox 729 1430 788 1494; x_wconf 91' lang='lat' dir='ltr'><strong>per</strong></span> <span class='ocrx_word' id='word_1_60' title='bbox 814 1412 986 1474; x_wconf 74' lang='lat' dir='ltr'><strong>servicium</strong></span> <span class='ocrx_word' id='word_1_61' title='bbox 1001 1431 1059 1476; x_wconf 90' lang='lat' dir='ltr'><strong>un.</strong></span> <span class='ocrx_word' id='word_1_62' title='bbox 1076 1413 1098 1474; x_wconf 84' lang='lat' dir='ltr'><strong>f.</strong></span> <span class='ocrx_word' id='word_1_63' title='bbox 1114 1433 1159 1478; x_wconf 93' lang='lat' dir='ltr'><strong>m.</strong></span> <span class='ocrx_word' id='word_1_64' title='bbox 1175 1418 1209 1476; x_wconf 90' lang='lat' dir='ltr'><strong>st</strong></span> <span class='ocrx_word' id='word_1_65' title='bbox 1223 1411 1269 1476; x_wconf 92' lang='lat' dir='ltr'><strong>di.</strong></span> <span class='ocrx_word' id='word_1_66' title='bbox 1285 1417 1321 1475; x_wconf 89' lang='lat' dir='ltr'><strong>et</strong></span> <span class='ocrx_word' id='word_1_67' title='bbox 1335 1412 1449 1495; x_wconf 82' lang='lat' dir='ltr'><strong>quinte</strong></span> <span class='ocrx_word' id='word_1_68' title='bbox 1463 1413 1566 1495; x_wconf 82' lang='lat' dir='ltr'><strong>partis</strong></span> <span class='ocrx_word' id='word_1_69' title='bbox 1580 1411 1604 1476; x_wconf 87' lang='lat' dir='ltr'><strong>f.</strong></span> <span class='ocrx_word' id='word_1_70' title='bbox 1621 1431 1667 1477; x_wconf 92' lang='lat' dir='ltr'><strong>m.</strong></span> <span class='ocrx_word' id='word_1_71' title='bbox 1684 1412 1769 1474; x_wconf 89' lang='lat' dir='ltr'><strong>siout</strong></span> 
     </span>
     <span class='ocr_line' id='line_1_8' title="bbox 262 1493 901 1581; baseline 0.016 -28"><span class='ocrx_word' id='word_1_72' title='bbox 262 1493 448 1556; x_wconf 83' lang='lat' dir='ltr'><strong>continetur</strong></span> <span class='ocrx_word' id='word_1_73' title='bbox 463 1495 498 1557; x_wconf 92' lang='lat' dir='ltr'><strong>in</strong></span> <span class='ocrx_word' id='word_1_74' title='bbox 515 1496 727 1578; x_wconf 89' lang='lat' dir='ltr'><strong>inquisicione</strong></span> <span class='ocrx_word' id='word_1_75' title='bbox 742 1498 901 1581; x_wconf 84' lang='lat' dir='ltr'><strong>predicto.</strong></span> 
     </span>
    </p>
   </div>
   <div class='ocr_carea' id='block_1_4' title="bbox 263 1629 1769 1893">
    <p class='ocr_par' dir='ltr' id='par_1_4' title="bbox 263 1629 1769 1893">
     <span class='ocr_line' id='line_1_9' title="bbox 286 1629 1769 1730; baseline 0.005 -39"><span class='ocrx_word' id='word_1_76' title='bbox 286 1629 352 1730; x_wconf 73' lang='lat' dir='ltr'><strong>ulit</strong></span> <span class='ocrx_word' id='word_1_77' title='bbox 366 1631 407 1692; x_wconf 89' lang='lat' dir='ltr'><strong>dc</strong></span> <span class='ocrx_word' id='word_1_78' title='bbox 422 1630 494 1716; x_wconf 84' lang='lat' dir='ltr'><strong>ij.o.</strong></span> <span class='ocrx_word' id='word_1_79' title='bbox 510 1635 652 1718; x_wconf 83' lang='lat' dir='ltr'><strong>receptis</strong></span> <span class='ocrx_word' id='word_1_80' title='bbox 678 1635 719 1698; x_wconf 89' lang='lat' dir='ltr'><strong>de</strong></span> <span class='ocrx_word' id='word_1_81' title='bbox 741 1633 866 1700; x_wconf 84' lang='lat' dir='ltr'><strong>Thomo</strong></span> <span class='ocrx_word' id='word_1_82' title='bbox 891 1634 1049 1718; x_wconf 85' lang='lat' dir='ltr'><strong>Lynford‚</strong></span> <span class='ocrx_word' id='word_1_83' title='bbox 1066 1655 1123 1714; x_wconf 90' lang='lat' dir='ltr'><strong>pro</strong></span> <span class='ocrx_word' id='word_1_84' title='bbox 1138 1655 1203 1698; x_wconf 91' lang='lat' dir='ltr'><strong>uno</strong></span> <span class='ocrx_word' id='word_1_85' title='bbox 1218 1636 1397 1716; x_wconf 84' lang='lat' dir='ltr'><strong>mesuagio,</strong></span> <span class='ocrx_word' id='word_1_86' title='bbox 1412 1640 1447 1696; x_wconf 92' lang='lat' dir='ltr'><strong>et</strong></span> <span class='ocrx_word' id='word_1_87' title='bbox 1462 1632 1507 1698; x_wconf 86' lang='lat' dir='ltr'><strong>xl.</strong></span> <span class='ocrx_word' id='word_1_88' title='bbox 1524 1634 1607 1698; x_wconf 83' lang='lat' dir='ltr'><strong>ocris</strong></span> <span class='ocrx_word' id='word_1_89' title='bbox 1621 1640 1717 1713; x_wconf 88' lang='lat' dir='ltr'><strong>terre,</strong></span> <span class='ocrx_word' id='word_1_90' title='bbox 1733 1640 1769 1699; x_wconf 89' lang='lat' dir='ltr'><strong>et</strong></span> 
     </span>
     <span class='ocr_line' id='line_1_10' title="bbox 264 1719 1769 1807; baseline 0.005 -30"><span class='ocrx_word' id='word_1_91' title='bbox 264 1735 332 1801; x_wconf 78' lang='lat' dir='ltr'><strong>vuJ.</strong></span> <span class='ocrx_word' id='word_1_92' title='bbox 348 1719 430 1781; x_wconf 83' lang='lat' dir='ltr'><strong>soris</strong></span> <span class='ocrx_word' id='word_1_93' title='bbox 454 1721 543 1802; x_wconf 82' lang='lat' dir='ltr'><strong>preti</strong></span> <span class='ocrx_word' id='word_1_94' title='bbox 568 1721 603 1783; x_wconf 90' lang='lat' dir='ltr'><strong>in</strong></span> <span class='ocrx_word' id='word_1_95' title='bbox 628 1721 857 1800; x_wconf 77' lang='lat' dir='ltr'><strong>Lnnnnsnonn,</strong></span> <span class='ocrx_word' id='word_1_96' title='bbox 873 1724 979 1786; x_wconf 85' lang='lat' dir='ltr'><strong>tentis</strong></span> <span class='ocrx_word' id='word_1_97' title='bbox 1005 1723 1046 1786; x_wconf 92' lang='lat' dir='ltr'><strong>de</strong></span> <span class='ocrx_word' id='word_1_98' title='bbox 1070 1743 1144 1807; x_wconf 87' lang='lat' dir='ltr'><strong>rege</strong></span> <span class='ocrx_word' id='word_1_99' title='bbox 1171 1724 1225 1786; x_wconf 90' lang='lat' dir='ltr'><strong>i.c.</strong></span> <span class='ocrx_word' id='word_1_100' title='bbox 1247 1724 1317 1785; x_wconf 90' lang='lat' dir='ltr'><strong>sins</strong></span> <span class='ocrx_word' id='word_1_101' title='bbox 1342 1721 1462 1797; x_wconf 87' lang='lat' dir='ltr'><strong>medio,</strong></span> <span class='ocrx_word' id='word_1_102' title='bbox 1485 1740 1550 1802; x_wconf 89' lang='lat' dir='ltr'><strong>quo</strong></span> <span class='ocrx_word' id='word_1_103' title='bbox 1574 1722 1686 1785; x_wconf 82' lang='lat' dir='ltr'><strong>volent</strong></span> <span class='ocrx_word' id='word_1_104' title='bbox 1710 1742 1769 1805; x_wconf 90' lang='lat' dir='ltr'><strong>per</strong></span> 
     </span>
     <span class='ocr_line' id='line_1_11' title="bbox 263 1805 1236 1893; baseline 0.009 -28"><span class='ocrx_word' id='word_1_105' title='bbox 263 1823 386 1867; x_wconf 81' lang='lat' dir='ltr'><strong>annum</strong></span> <span class='ocrx_word' id='word_1_106' title='bbox 402 1805 478 1870; x_wconf 84' lang='lat' dir='ltr'><strong>xls.</strong></span> <span class='ocrx_word' id='word_1_107' title='bbox 497 1807 581 1871; x_wconf 88' lang='lat' dir='ltr'><strong>sicut</strong></span> <span class='ocrx_word' id='word_1_108' title='bbox 597 1811 783 1873; x_wconf 88' lang='lat' dir='ltr'><strong>continetur</strong></span> <span class='ocrx_word' id='word_1_109' title='bbox 796 1811 834 1873; x_wconf 92' lang='lat' dir='ltr'><strong>in</strong></span> <span class='ocrx_word' id='word_1_110' title='bbox 849 1811 1064 1893; x_wconf 91' lang='lat' dir='ltr'><strong>inquisicione</strong></span> <span class='ocrx_word' id='word_1_111' title='bbox 1079 1809 1236 1893; x_wconf 80' lang='lat' dir='ltr'><strong>predicto.</strong></span> 
     </span>
    </p>
   </div>
   <div class='ocr_carea' id='block_1_5' title="bbox 263 1941 1769 2206">
    <p class='ocr_par' dir='ltr' id='par_1_5' title="bbox 263 1941 1769 2206">
     <span class='ocr_line' id='line_1_12' title="bbox 306 1941 1769 2032; baseline 0.003 -28"><span class='ocrx_word' id='word_1_112' title='bbox 306 1943 349 2004; x_wconf 81' lang='lat' dir='ltr'><strong>Et</strong></span> <span class='ocrx_word' id='word_1_113' title='bbox 364 1942 405 2006; x_wconf 89' lang='lat' dir='ltr'><strong>de</strong></span> <span class='ocrx_word' id='word_1_114' title='bbox 421 1941 519 2028; x_wconf 63' lang='lat' dir='ltr'><strong>xiid.</strong></span> <span class='ocrx_word' id='word_1_115' title='bbox 536 1947 676 2030; x_wconf 86' lang='lat' dir='ltr'><strong>receptis</strong></span> <span class='ocrx_word' id='word_1_116' title='bbox 690 1946 732 2010; x_wconf 88' lang='lat' dir='ltr'><strong>de</strong></span> <span class='ocrx_word' id='word_1_117' title='bbox 749 1943 902 2031; x_wconf 92' lang='lat' dir='ltr'><strong>Philippo</strong></span> <span class='ocrx_word' id='word_1_118' title='bbox 917 1945 1073 2025; x_wconf 72' lang='lat' dir='ltr'><strong>Mobeni,</strong></span> <span class='ocrx_word' id='word_1_119' title='bbox 1088 1966 1145 2031; x_wconf 92' lang='lat' dir='ltr'><strong>pro</strong></span> <span class='ocrx_word' id='word_1_120' title='bbox 1160 1965 1227 2010; x_wconf 91' lang='lat' dir='ltr'><strong>nno</strong></span> <span class='ocrx_word' id='word_1_121' title='bbox 1242 1948 1409 2032; x_wconf 78' lang='lat' dir='ltr'><strong>mesuagio</strong></span> <span class='ocrx_word' id='word_1_122' title='bbox 1435 1952 1470 2012; x_wconf 85' lang='lat' dir='ltr'><strong>et</strong></span> <span class='ocrx_word' id='word_1_123' title='bbox 1493 1946 1617 2010; x_wconf 84' lang='lat' dir='ltr'><strong>duobus</strong></span> <span class='ocrx_word' id='word_1_124' title='bbox 1633 1946 1769 2032; x_wconf 82' lang='lat' dir='ltr'><strong>virgatis</strong></span> 
     </span>
     <span class='ocr_line' id='line_1_13' title="bbox 263 2029 1768 2120; baseline 0.006 -29"><span class='ocrx_word' id='word_1_125' title='bbox 263 2035 348 2092; x_wconf 85' lang='lat' dir='ltr'><strong>terre</strong></span> <span class='ocrx_word' id='word_1_126' title='bbox 363 2029 397 2092; x_wconf 93' lang='lat' dir='ltr'><strong>in</strong></span> <span class='ocrx_word' id='word_1_127' title='bbox 413 2031 557 2110; x_wconf 71' lang='lat' dir='ltr'><strong>Pontou,</strong></span> <span class='ocrx_word' id='word_1_128' title='bbox 574 2035 678 2096; x_wconf 85' lang='lat' dir='ltr'><strong>tentis</strong></span> <span class='ocrx_word' id='word_1_129' title='bbox 692 2035 735 2098; x_wconf 90' lang='lat' dir='ltr'><strong>de</strong></span> <span class='ocrx_word' id='word_1_130' title='bbox 750 2055 827 2120; x_wconf 83' lang='lat' dir='ltr'><strong>rege</strong></span> <span class='ocrx_word' id='word_1_131' title='bbox 841 2034 876 2096; x_wconf 90' lang='lat' dir='ltr'><strong>in</strong></span> <span class='ocrx_word' id='word_1_132' title='bbox 892 2035 1033 2120; x_wconf 82' lang='lat' dir='ltr'><strong>socogio‚</strong></span> <span class='ocrx_word' id='word_1_133' title='bbox 1049 2037 1119 2098; x_wconf 88' lang='lat' dir='ltr'><strong>sine</strong></span> <span class='ocrx_word' id='word_1_134' title='bbox 1135 2033 1255 2114; x_wconf 90' lang='lat' dir='ltr'><strong>medio,</strong></span> <span class='ocrx_word' id='word_1_135' title='bbox 1270 2055 1333 2118; x_wconf 89' lang='lat' dir='ltr'><strong>qne</strong></span> <span class='ocrx_word' id='word_1_136' title='bbox 1348 2034 1458 2099; x_wconf 84' lang='lat' dir='ltr'><strong>valent</strong></span> <span class='ocrx_word' id='word_1_137' title='bbox 1472 2055 1531 2119; x_wconf 93' lang='lat' dir='ltr'><strong>per</strong></span> <span class='ocrx_word' id='word_1_138' title='bbox 1545 2055 1667 2098; x_wconf 84' lang='lat' dir='ltr'><strong>annum</strong></span> <span class='ocrx_word' id='word_1_139' title='bbox 1683 2055 1768 2102; x_wconf 60' lang='lat' dir='ltr'><strong>xxc.</strong></span> 
     </span>
     <span class='ocr_line' id='line_1_14' title="bbox 264 2118 1020 2206; baseline 0.011 -28"><span class='ocrx_word' id='word_1_140' title='bbox 264 2118 349 2180; x_wconf 89' lang='lat' dir='ltr'><strong>sicut</strong></span> <span class='ocrx_word' id='word_1_141' title='bbox 363 2118 550 2182; x_wconf 88' lang='lat' dir='ltr'><strong>continetur</strong></span> <span class='ocrx_word' id='word_1_142' title='bbox 562 2121 598 2184; x_wconf 92' lang='lat' dir='ltr'><strong>in</strong></span> <span class='ocrx_word' id='word_1_143' title='bbox 614 2121 831 2206; x_wconf 83' lang='lat' dir='ltr'><strong>inquisicione</strong></span> <span class='ocrx_word' id='word_1_144' title='bbox 845 2122 1020 2206; x_wconf 64' lang='lat' dir='ltr'><strong>predicte·</strong></span> 
     </span>
    </p>
   </div>
   <div class='ocr_carea' id='block_1_6' title="bbox 645 2386 1400 2454">
    <p class='ocr_par' dir='ltr' id='par_1_6' title="bbox 645 2386 1400 2454">
     <span class='ocr_line' id='line_1_15' title="bbox 645 2386 1400 2454; baseline 0.001 -3"><span class='ocrx_word' id='word_1_145' title='bbox 645 2387 865 2453; x_wconf 80' lang='lat' dir='ltr'><strong>Huunrrnnun</strong></span> <span class='ocrx_word' id='word_1_146' title='bbox 889 2409 932 2453; x_wconf 83' lang='lat' dir='ltr'><strong>nn</strong></span> <span class='ocrx_word' id='word_1_147' title='bbox 954 2386 1400 2454; x_wconf 83' lang='lat' dir='ltr'><strong>WHEREWELDOUNE.</strong></span> 
     </span>
    </p>
   </div>
   <div class='ocr_carea' id='block_1_7' title="bbox 266 2521 1771 2783">
    <p class='ocr_par' dir='ltr' id='par_1_7' title="bbox 266 2521 1771 2783">
     <span class='ocr_line' id='line_1_16' title="bbox 309 2521 1771 2609; baseline 0.005 -26"><span class='ocrx_word' id='word_1_148' title='bbox 309 2521 353 2584; x_wconf 90' lang='lat' dir='ltr'><strong>Et</strong></span> <span class='ocrx_word' id='word_1_149' title='bbox 367 2523 407 2587; x_wconf 92' lang='lat' dir='ltr'><strong>de</strong></span> <span class='ocrx_word' id='word_1_150' title='bbox 422 2541 528 2588; x_wconf 65' lang='lat' dir='ltr'><strong>xxxo.</strong></span> <span class='ocrx_word' id='word_1_151' title='bbox 540 2525 678 2608; x_wconf 85' lang='lat' dir='ltr'><strong>receptis</strong></span> <span class='ocrx_word' id='word_1_152' title='bbox 693 2525 734 2588; x_wconf 89' lang='lat' dir='ltr'><strong>de</strong></span> <span class='ocrx_word' id='word_1_153' title='bbox 750 2527 870 2589; x_wconf 89' lang='lat' dir='ltr'><strong>comite</strong></span> <span class='ocrx_word' id='word_1_154' title='bbox 881 2523 1066 2589; x_wconf 78' lang='lat' dir='ltr'><strong>Anmdellie</strong></span> <span class='ocrx_word' id='word_1_155' title='bbox 1083 2545 1138 2609; x_wconf 89' lang='lat' dir='ltr'><strong>pro</strong></span> <span class='ocrx_word' id='word_1_156' title='bbox 1153 2523 1300 2588; x_wconf 87' lang='lat' dir='ltr'><strong>manerio</strong></span> <span class='ocrx_word' id='word_1_157' title='bbox 1315 2524 1354 2588; x_wconf 89' lang='lat' dir='ltr'><strong>de</strong></span> <span class='ocrx_word' id='word_1_158' title='bbox 1370 2525 1526 2603; x_wconf 79' lang='lat' dir='ltr'><strong>Krwnnn,</strong></span> <span class='ocrx_word' id='word_1_159' title='bbox 1539 2532 1572 2589; x_wconf 92' lang='lat' dir='ltr'><strong>et</strong></span> <span class='ocrx_word' id='word_1_160' title='bbox 1589 2525 1662 2589; x_wconf 81' lang='lat' dir='ltr'><strong>aliis</strong></span> <span class='ocrx_word' id='word_1_161' title='bbox 1676 2527 1771 2590; x_wconf 82' lang='lat' dir='ltr'><strong>terris</strong></span> 
     </span>
     <span class='ocr_line' id='line_1_17' title="bbox 266 2611 1771 2697; baseline 0.005 -26"><span class='ocrx_word' id='word_1_162' title='bbox 266 2613 302 2672; x_wconf 83' lang='lat' dir='ltr'><strong>et</strong></span> <span class='ocrx_word' id='word_1_163' title='bbox 325 2611 523 2673; x_wconf 81' lang='lat' dir='ltr'><strong>tenementis</strong></span> <span class='ocrx_word' id='word_1_164' title='bbox 548 2611 627 2690; x_wconf 89' lang='lat' dir='ltr'><strong>suis,</strong></span> <span class='ocrx_word' id='word_1_165' title='bbox 643 2611 728 2676; x_wconf 83' lang='lat' dir='ltr'><strong>infra</strong></span> <span class='ocrx_word' id='word_1_166' title='bbox 753 2613 960 2688; x_wconf 80' lang='lat' dir='ltr'><strong>hundredum</strong></span> <span class='ocrx_word' id='word_1_167' title='bbox 985 2613 1026 2676; x_wconf 88' lang='lat' dir='ltr'><strong>de</strong></span> <span class='ocrx_word' id='word_1_168' title='bbox 1052 2611 1364 2689; x_wconf 85' lang='lat' dir='ltr'><strong>Wherewelldoune‚</strong></span> <span class='ocrx_word' id='word_1_169' title='bbox 1385 2613 1485 2676; x_wconf 86' lang='lat' dir='ltr'><strong>tentis</strong></span> <span class='ocrx_word' id='word_1_170' title='bbox 1500 2613 1539 2676; x_wconf 91' lang='lat' dir='ltr'><strong>de</strong></span> <span class='ocrx_word' id='word_1_171' title='bbox 1554 2633 1630 2696; x_wconf 84' lang='lat' dir='ltr'><strong>rege</strong></span> <span class='ocrx_word' id='word_1_172' title='bbox 1644 2613 1697 2678; x_wconf 87' lang='lat' dir='ltr'><strong>i.c.</strong></span> <span class='ocrx_word' id='word_1_173' title='bbox 1714 2635 1771 2697; x_wconf 91' lang='lat' dir='ltr'><strong>per</strong></span> 
     </span>
     <span class='ocr_line' id='line_1_18' title="bbox 267 2698 1487 2783; baseline 0.005 -25"><span class='ocrx_word' id='word_1_174' title='bbox 267 2698 443 2760; x_wconf 83' lang='lat' dir='ltr'><strong>servicium</strong></span> <span class='ocrx_word' id='word_1_175' title='bbox 459 2717 513 2762; x_wconf 89' lang='lat' dir='ltr'><strong>nn.</strong></span> <span class='ocrx_word' id='word_1_176' title='bbox 529 2698 553 2761; x_wconf 84' lang='lat' dir='ltr'><strong>f.</strong></span> <span class='ocrx_word' id='word_1_177' title='bbox 569 2708 663 2764; x_wconf 80' lang='lat' dir='ltr'><strong>met</strong></span> <span class='ocrx_word' id='word_1_178' title='bbox 678 2700 723 2766; x_wconf 84' lang='lat' dir='ltr'><strong>di.</strong></span> <span class='ocrx_word' id='word_1_179' title='bbox 740 2701 826 2763; x_wconf 85' lang='lat' dir='ltr'><strong>siout</strong></span> <span class='ocrx_word' id='word_1_180' title='bbox 841 2703 1030 2765; x_wconf 89' lang='lat' dir='ltr'><strong>continetur</strong></span> <span class='ocrx_word' id='word_1_181' title='bbox 1045 2700 1081 2762; x_wconf 88' lang='lat' dir='ltr'><strong>in</strong></span> <span class='ocrx_word' id='word_1_182' title='bbox 1095 2700 1313 2782; x_wconf 88' lang='lat' dir='ltr'><strong>inquisicione</strong></span> <span class='ocrx_word' id='word_1_183' title='bbox 1329 2699 1487 2783; x_wconf 86' lang='lat' dir='ltr'><strong>predicto.</strong></span> 
     </span>
    </p>
   </div>
   <div class='ocr_carea' id='block_1_8' title="bbox 267 2835 1772 3187">
    <p class='ocr_par' dir='ltr' id='par_1_8' title="bbox 267 2835 1772 3187">
     <span class='ocr_line' id='line_1_19' title="bbox 311 2835 1771 2924; baseline 0.003 -26"><span class='ocrx_word' id='word_1_184' title='bbox 311 2835 359 2898; x_wconf 89' lang='lat' dir='ltr'><strong>De</strong></span> <span class='ocrx_word' id='word_1_185' title='bbox 374 2835 518 2918; x_wconf 88' lang='lat' dir='ltr'><strong>predicto</strong></span> <span class='ocrx_word' id='word_1_186' title='bbox 532 2841 657 2900; x_wconf 84' lang='lat' dir='ltr'><strong>rectore</strong></span> <span class='ocrx_word' id='word_1_187' title='bbox 671 2837 711 2901; x_wconf 91' lang='lat' dir='ltr'><strong>de</strong></span> <span class='ocrx_word' id='word_1_188' title='bbox 725 2837 907 2924; x_wconf 82' lang='lat' dir='ltr'><strong>Edyngdon</strong></span> <span class='ocrx_word' id='word_1_189' title='bbox 937 2859 994 2921; x_wconf 91' lang='lat' dir='ltr'><strong>pro</strong></span> <span class='ocrx_word' id='word_1_190' title='bbox 1009 2837 1156 2901; x_wconf 80' lang='lat' dir='ltr'><strong>manerio</strong></span> <span class='ocrx_word' id='word_1_191' title='bbox 1170 2836 1209 2900; x_wconf 91' lang='lat' dir='ltr'><strong>de</strong></span> <span class='ocrx_word' id='word_1_192' title='bbox 1226 2837 1399 2915; x_wconf 78' lang='lat' dir='ltr'><strong>Trunrnn,</strong></span> <span class='ocrx_word' id='word_1_193' title='bbox 1416 2842 1510 2901; x_wconf 87' lang='lat' dir='ltr'><strong>tento</strong></span> <span class='ocrx_word' id='word_1_194' title='bbox 1535 2836 1576 2900; x_wconf 91' lang='lat' dir='ltr'><strong>de</strong></span> <span class='ocrx_word' id='word_1_195' title='bbox 1600 2857 1676 2923; x_wconf 81' lang='lat' dir='ltr'><strong>rege</strong></span> <span class='ocrx_word' id='word_1_196' title='bbox 1699 2838 1771 2904; x_wconf 86' lang='lat' dir='ltr'><strong>sine</strong></span> 
     </span>
     <span class='ocr_line' id='line_1_20' title="bbox 267 2921 1771 3030; baseline 0.004 -46"><span class='ocrx_word' id='word_1_197' title='bbox 267 2921 376 3024; x_wconf 64' lang='lat' dir='ltr'><strong>medio</strong></span> <span class='ocrx_word' id='word_1_198' title='bbox 389 2943 446 3024; x_wconf 72' lang='lat' dir='ltr'><strong>per</strong></span> <span class='ocrx_word' id='word_1_199' title='bbox 472 2944 626 3025; x_wconf 70' lang='lat' dir='ltr'><strong>megnam</strong></span> <span class='ocrx_word' id='word_1_200' title='bbox 653 2925 858 3030; x_wconf 50' lang='lat' dir='ltr'><strong>senentiam,</strong></span> <span class='ocrx_word' id='word_1_201' title='bbox 872 2926 964 3028; x_wconf 39' lang='lat' dir='ltr'><strong>qnod·</strong></span> <span class='ocrx_word' id='word_1_202' title='bbox 985 2925 1119 3028; x_wconf 77' lang='lat' dir='ltr'><strong>quidem</strong></span> <span class='ocrx_word' id='word_1_203' title='bbox 1143 2929 1325 3026; x_wconf 77' lang='lat' dir='ltr'><strong>manerium</strong></span> <span class='ocrx_word' id='word_1_204' title='bbox 1351 2925 1441 2988; x_wconf 83' lang='lat' dir='ltr'><strong>valet</strong></span> <span class='ocrx_word' id='word_1_205' title='bbox 1466 2945 1523 3008; x_wconf 85' lang='lat' dir='ltr'><strong>per</strong></span> <span class='ocrx_word' id='word_1_206' title='bbox 1544 2943 1666 2988; x_wconf 82' lang='lat' dir='ltr'><strong>annum</strong></span> <span class='ocrx_word' id='word_1_207' title='bbox 1682 2924 1771 3011; x_wconf 64' lang='lat' dir='ltr'><strong>vili.</strong></span> 
     </span>
     <span class='ocr_line' id='line_1_21' title="bbox 267 3008 1772 3187; baseline 0.003 -27"><span class='ocrx_word' id='word_1_208' title='bbox 267 3008 1282 3187; x_wconf 52' lang='lat' dir='ltr'><strong>{litiisttt}tssttlttttttttltlttattltn</strong></span> <span class='ocrx_word' id='word_1_209' title='bbox 1297 3012 1598 3184; x_wconf 53' lang='lat' dir='ltr'><strong>gpmffincnt,</strong></span> <span class='ocrx_word' id='word_1_210' title='bbox 1625 3033 1664 3076; x_wconf 75' lang='lat'><strong>⁰⁰</strong></span> <span class='ocrx_word' id='word_1_211' title='bbox 1686 3015 1772 3096; x_wconf 54' lang='grc' dir='ltr'><strong>ΨΜ</strong></span> 
     </span>
    </p>
   </div>
   <div class='ocr_carea' id='block_1_9' title="bbox 729 3349 1314 3417">
    <p class='ocr_par' dir='ltr' id='par_1_9' title="bbox 729 3349 1314 3417">
     <span class='ocr_line' id='line_1_22' title="bbox 729 3349 1314 3417; baseline 0 -4"><span class='ocrx_word' id='word_1_212' title='bbox 729 3350 952 3414; x_wconf 80' lang='lat' dir='ltr'><strong>Hnunnnnnnr</strong></span> <span class='ocrx_word' id='word_1_213' title='bbox 975 3370 1019 3413; x_wconf 87' lang='lat' dir='ltr'><strong>nn</strong></span> <span class='ocrx_word' id='word_1_214' title='bbox 1042 3349 1314 3417; x_wconf 79' lang='lat' dir='ltr'><strong>HEYWORTH.</strong></span> 
     </span>
    </p>
   </div>
   <div class='ocr_carea' id='block_1_10' title="bbox 269 3483 1776 3747">
    <p class='ocr_par' dir='ltr' id='par_1_10' title="bbox 269 3483 1776 3747">
     <span class='ocr_line' id='line_1_23' title="bbox 312 3483 1775 3573; baseline 0.001 -22"><span class='ocrx_word' id='word_1_215' title='bbox 312 3487 382 3552; x_wconf 88' lang='lat' dir='ltr'><strong>Nec</strong></span> <span class='ocrx_word' id='word_1_216' title='bbox 407 3487 603 3571; x_wconf 85' lang='lat' dir='ltr'><strong>respondent</strong></span> <span class='ocrx_word' id='word_1_217' title='bbox 626 3487 665 3551; x_wconf 90' lang='lat' dir='ltr'><strong>de</strong></span> <span class='ocrx_word' id='word_1_218' title='bbox 690 3485 837 3570; x_wconf 88' lang='lat' dir='ltr'><strong>predicto</strong></span> <span class='ocrx_word' id='word_1_219' title='bbox 863 3491 986 3550; x_wconf 84' lang='lat' dir='ltr'><strong>rectore</strong></span> <span class='ocrx_word' id='word_1_220' title='bbox 1010 3486 1052 3549; x_wconf 89' lang='lat' dir='ltr'><strong>de</strong></span> <span class='ocrx_word' id='word_1_221' title='bbox 1078 3485 1259 3570; x_wconf 79' lang='lat' dir='ltr'><strong>Edyngdon</strong></span> <span class='ocrx_word' id='word_1_222' title='bbox 1283 3505 1341 3573; x_wconf 90' lang='lat' dir='ltr'><strong>pro</strong></span> <span class='ocrx_word' id='word_1_223' title='bbox 1362 3484 1508 3548; x_wconf 81' lang='lat' dir='ltr'><strong>manerio</strong></span> <span class='ocrx_word' id='word_1_224' title='bbox 1530 3483 1572 3548; x_wconf 93' lang='lat' dir='ltr'><strong>de</strong></span> <span class='ocrx_word' id='word_1_225' title='bbox 1587 3483 1775 3564; x_wconf 75' lang='lat' dir='ltr'><strong>Esnmocc,</strong></span> 
     </span>
     <span class='ocr_line' id='line_1_24' title="bbox 270 3571 1776 3661; baseline -0.003 -21"><span class='ocrx_word' id='word_1_226' title='bbox 270 3581 363 3640; x_wconf 83' lang='lat' dir='ltr'><strong>tento</strong></span> <span class='ocrx_word' id='word_1_227' title='bbox 378 3576 420 3639; x_wconf 88' lang='lat' dir='ltr'><strong>dc</strong></span> <span class='ocrx_word' id='word_1_228' title='bbox 434 3595 511 3661; x_wconf 82' lang='lat' dir='ltr'><strong>rege</strong></span> <span class='ocrx_word' id='word_1_229' title='bbox 527 3575 578 3640; x_wconf 81' lang='lat' dir='ltr'><strong>ic.</strong></span> <span class='ocrx_word' id='word_1_230' title='bbox 593 3575 662 3640; x_wconf 84' lang='lat' dir='ltr'><strong>sine</strong></span> <span class='ocrx_word' id='word_1_231' title='bbox 677 3573 788 3638; x_wconf 88' lang='lat' dir='ltr'><strong>medio</strong></span> <span class='ocrx_word' id='word_1_232' title='bbox 803 3595 859 3658; x_wconf 89' lang='lat' dir='ltr'><strong>per</strong></span> <span class='ocrx_word' id='word_1_233' title='bbox 873 3574 1044 3638; x_wconf 84' lang='lat' dir='ltr'><strong>servicium</strong></span> <span class='ocrx_word' id='word_1_234' title='bbox 1060 3573 1105 3637; x_wconf 92' lang='lat' dir='ltr'><strong>di.</strong></span> <span class='ocrx_word' id='word_1_235' title='bbox 1118 3574 1142 3638; x_wconf 81' lang='lat' dir='ltr'><strong>f.</strong></span> <span class='ocrx_word' id='word_1_236' title='bbox 1155 3595 1200 3640; x_wconf 92' lang='lat' dir='ltr'><strong>m.</strong></span> <span class='ocrx_word' id='word_1_237' title='bbox 1212 3573 1297 3638; x_wconf 89' lang='lat' dir='ltr'><strong>sicut</strong></span> <span class='ocrx_word' id='word_1_238' title='bbox 1311 3571 1497 3636; x_wconf 88' lang='lat' dir='ltr'><strong>continetur</strong></span> <span class='ocrx_word' id='word_1_239' title='bbox 1511 3572 1547 3635; x_wconf 91' lang='lat' dir='ltr'><strong>iu</strong></span> <span class='ocrx_word' id='word_1_240' title='bbox 1561 3572 1776 3657; x_wconf 89' lang='lat' dir='ltr'><strong>inquisicione</strong></span> 
     </span>
     <span class='ocr_line' id='line_1_25' title="bbox 269 3661 1144 3747; baseline -0.001 -21"><span class='ocrx_word' id='word_1_241' title='bbox 269 3663 427 3747; x_wconf 84' lang='lat' dir='ltr'><strong>predicto,</strong></span> <span class='ocrx_word' id='word_1_242' title='bbox 440 3683 498 3747; x_wconf 92' lang='lat' dir='ltr'><strong>per</strong></span> <span class='ocrx_word' id='word_1_243' title='bbox 511 3662 609 3728; x_wconf 85' lang='lat' dir='ltr'><strong>breve</strong></span> <span class='ocrx_word' id='word_1_244' title='bbox 623 3669 796 3726; x_wconf 78' lang='lat' dir='ltr'><strong>etcertum</strong></span> <span class='ocrx_word' id='word_1_245' title='bbox 811 3663 897 3747; x_wconf 80' lang='lat' dir='ltr'><strong>regis</strong></span> <span class='ocrx_word' id='word_1_246' title='bbox 912 3661 1144 3744; x_wconf 68' lang='lat' dir='ltr'><strong>supradictam:</strong></span> 
     </span>
    </p>
   </div>
   <div class='ocr_carea' id='block_1_11' title="bbox 722 3897 1330 3968">
    <p class='ocr_par' dir='ltr' id='par_1_11' title="bbox 722 3897 1330 3968">
     <span class='ocr_line' id='line_1_26' title="bbox 722 3897 1330 3968; baseline -0.007 0"><span class='ocrx_word' id='word_1_247' title='bbox 722 3901 943 3968; x_wconf 79' lang='lat' dir='ltr'><strong>Huunnunnu</strong></span> <span class='ocrx_word' id='word_1_248' title='bbox 967 3923 1011 3966; x_wconf 84' lang='lat' dir='ltr'><strong>nn</strong></span> <span class='ocrx_word' id='word_1_249' title='bbox 1035 3897 1330 3968; x_wconf 83' lang='lat' dir='ltr'><strong>SWANBORGH.</strong></span> 
     </span>
    </p>
   </div>
   <div class='ocr_carea' id='block_1_12' title="bbox 272 4037 1777 4299">
    <p class='ocr_par' dir='ltr' id='par_1_12' title="bbox 272 4037 1777 4299">
     <span class='ocr_line' id='line_1_27' title="bbox 316 4037 1777 4124; baseline -0.001 -20"><span class='ocrx_word' id='word_1_250' title='bbox 316 4040 387 4105; x_wconf 87' lang='lat' dir='ltr'><strong>Neo</strong></span> <span class='ocrx_word' id='word_1_251' title='bbox 415 4039 613 4124; x_wconf 87' lang='lat' dir='ltr'><strong>respondent</strong></span> <span class='ocrx_word' id='word_1_252' title='bbox 644 4039 685 4103; x_wconf 88' lang='lat' dir='ltr'><strong>dc</strong></span> <span class='ocrx_word' id='word_1_253' title='bbox 720 4040 842 4102; x_wconf 73' lang='lat' dir='ltr'><strong>auxilio</strong></span> <span class='ocrx_word' id='word_1_254' title='bbox 878 4046 1009 4123; x_wconf 88' lang='lat' dir='ltr'><strong>recepto</strong></span> <span class='ocrx_word' id='word_1_255' title='bbox 1045 4039 1086 4102; x_wconf 91' lang='lat' dir='ltr'><strong>de</strong></span> <span class='ocrx_word' id='word_1_256' title='bbox 1122 4038 1269 4123; x_wconf 89' lang='lat' dir='ltr'><strong>predicto</strong></span> <span class='ocrx_word' id='word_1_257' title='bbox 1305 4043 1429 4100; x_wconf 87' lang='lat' dir='ltr'><strong>rectore</strong></span> <span class='ocrx_word' id='word_1_258' title='bbox 1466 4057 1524 4120; x_wconf 95' lang='lat' dir='ltr'><strong>pro</strong></span> <span class='ocrx_word' id='word_1_259' title='bbox 1561 4037 1706 4101; x_wconf 79' lang='lat' dir='ltr'><strong>monerio</strong></span> <span class='ocrx_word' id='word_1_260' title='bbox 1735 4037 1777 4102; x_wconf 85' lang='lat' dir='ltr'><strong>de</strong></span> 
     </span>
     <span class='ocr_line' id='line_1_28' title="bbox 276 4125 1777 4209; baseline -0.005 -13"><span class='ocrx_word' id='word_1_261' title='bbox 276 4127 585 4206; x_wconf 65' lang='lat' dir='ltr'><strong>Snnrmnsvuurou)</strong></span> <span class='ocrx_word' id='word_1_262' title='bbox 620 4174 961 4192; x_wconf 85' lang='grc'><strong>.......</strong></span> <span class='ocrx_word' id='word_1_263' title='bbox 1000 4126 1024 4190; x_wconf 84' lang='lat' dir='ltr'><strong>t.</strong></span> <span class='ocrx_word' id='word_1_264' title='bbox 1063 4147 1107 4192; x_wconf 89' lang='lat' dir='ltr'><strong>m.</strong></span> <span class='ocrx_word' id='word_1_265' title='bbox 1145 4126 1231 4190; x_wconf 81' lang='lat' dir='ltr'><strong>sicut</strong></span> <span class='ocrx_word' id='word_1_266' title='bbox 1266 4125 1454 4190; x_wconf 88' lang='lat' dir='ltr'><strong>continetur</strong></span> <span class='ocrx_word' id='word_1_267' title='bbox 1490 4125 1525 4188; x_wconf 92' lang='lat' dir='ltr'><strong>in</strong></span> <span class='ocrx_word' id='word_1_268' title='bbox 1560 4125 1777 4209; x_wconf 90' lang='lat' dir='ltr'><strong>inquisicione</strong></span> 
     </span>
     <span class='ocr_line' id='line_1_29' title="bbox 272 4213 1123 4299; baseline -0.004 -20"><span class='ocrx_word' id='word_1_269' title='bbox 272 4217 434 4299; x_wconf 83' lang='lat' dir='ltr'><strong>predicto,</strong></span> <span class='ocrx_word' id='word_1_270' title='bbox 451 4236 510 4299; x_wconf 88' lang='lat' dir='ltr'><strong>per</strong></span> <span class='ocrx_word' id='word_1_271' title='bbox 523 4223 648 4280; x_wconf 78' lang='lat' dir='ltr'><strong>cortem</strong></span> <span class='ocrx_word' id='word_1_272' title='bbox 662 4222 697 4279; x_wconf 89' lang='lat' dir='ltr'><strong>et</strong></span> <span class='ocrx_word' id='word_1_273' title='bbox 712 4214 808 4280; x_wconf 88' lang='lat' dir='ltr'><strong>breve</strong></span> <span class='ocrx_word' id='word_1_274' title='bbox 823 4216 911 4296; x_wconf 79' lang='lat' dir='ltr'><strong>regis</strong></span> <span class='ocrx_word' id='word_1_275' title='bbox 926 4213 1123 4296; x_wconf 71' lang='lat' dir='ltr'><strong>supradicto.</strong></span> 
     </span>
    </p>
   </div>
   <div class='ocr_carea' id='block_1_13' title="bbox 776 4466 1285 4535">
    <p class='ocr_par' dir='ltr' id='par_1_13' title="bbox 776 4466 1285 4535">
     <span class='ocr_line' id='line_1_30' title="bbox 776 4466 1285 4535; baseline -0.008 -1"><span class='ocrx_word' id='word_1_276' title='bbox 776 4468 998 4534; x_wconf 77' lang='lat' dir='ltr'><strong>Hounsnnuu</strong></span> <span class='ocrx_word' id='word_1_277' title='bbox 1021 4488 1066 4532; x_wconf 81' lang='lat' dir='ltr'><strong>nn</strong></span> <span class='ocrx_word' id='word_1_278' title='bbox 1089 4466 1285 4535; x_wconf 79' lang='lat' dir='ltr'><strong>GHALKE.</strong></span> 
     </span>
    </p>
   </div>
   <div class='ocr_carea' id='block_1_14' title="bbox 274 4602 1777 4777">
    <p class='ocr_par' dir='ltr' id='par_1_14' title="bbox 274 4602 1777 4777">
     <span class='ocr_line' id='line_1_31' title="bbox 317 4602 1777 4690; baseline -0.005 -19"><span class='ocrx_word' id='word_1_279' title='bbox 317 4607 363 4672; x_wconf 83' lang='lat' dir='ltr'><strong>Et</strong></span> <span class='ocrx_word' id='word_1_280' title='bbox 377 4609 420 4672; x_wconf 89' lang='lat' dir='ltr'><strong>de</strong></span> <span class='ocrx_word' id='word_1_281' title='bbox 434 4627 499 4674; x_wconf 67' lang='lat' dir='ltr'><strong>no.</strong></span> <span class='ocrx_word' id='word_1_282' title='bbox 514 4608 656 4690; x_wconf 86' lang='lat' dir='ltr'><strong>receptis</strong></span> <span class='ocrx_word' id='word_1_283' title='bbox 671 4604 711 4670; x_wconf 91' lang='lat' dir='ltr'><strong>de</strong></span> <span class='ocrx_word' id='word_1_284' title='bbox 725 4605 884 4669; x_wconf 84' lang='lat' dir='ltr'><strong>Nicholno</strong></span> <span class='ocrx_word' id='word_1_285' title='bbox 906 4605 1032 4669; x_wconf 90' lang='lat' dir='ltr'><strong>Benton</strong></span> <span class='ocrx_word' id='word_1_286' title='bbox 1058 4625 1116 4688; x_wconf 91' lang='lat' dir='ltr'><strong>pro</strong></span> <span class='ocrx_word' id='word_1_287' title='bbox 1141 4605 1287 4668; x_wconf 82' lang='lat' dir='ltr'><strong>monerio</strong></span> <span class='ocrx_word' id='word_1_288' title='bbox 1301 4604 1342 4667; x_wconf 91' lang='lat' dir='ltr'><strong>de</strong></span> <span class='ocrx_word' id='word_1_289' title='bbox 1358 4602 1514 4671; x_wconf 79' lang='lat' dir='ltr'><strong>Gourron</strong></span> <span class='ocrx_word' id='word_1_290' title='bbox 1547 4646 1777 4668; x_wconf 88' lang='grc'><strong>.....</strong></span> 
     </span>
     <span class='ocr_line' id='line_1_32' title="bbox 274 4693 1175 4777; baseline -0.002 -19"><span class='ocrx_word' id='word_1_291' title='bbox 274 4695 319 4760; x_wconf 87' lang='lat' dir='ltr'><strong>di.</strong></span> <span class='ocrx_word' id='word_1_292' title='bbox 334 4696 359 4761; x_wconf 87' lang='lat' dir='ltr'><strong>f.</strong></span> <span class='ocrx_word' id='word_1_293' title='bbox 375 4717 421 4762; x_wconf 92' lang='lat' dir='ltr'><strong>m.</strong></span> <span class='ocrx_word' id='word_1_294' title='bbox 437 4698 524 4759; x_wconf 87' lang='lat' dir='ltr'><strong>siout</strong></span> <span class='ocrx_word' id='word_1_295' title='bbox 538 4695 726 4758; x_wconf 87' lang='lat' dir='ltr'><strong>continetur</strong></span> <span class='ocrx_word' id='word_1_296' title='bbox 739 4694 775 4758; x_wconf 91' lang='lat' dir='ltr'><strong>iu</strong></span> <span class='ocrx_word' id='word_1_297' title='bbox 789 4694 1006 4776; x_wconf 88' lang='lat' dir='ltr'><strong>inquisicione</strong></span> <span class='ocrx_word' id='word_1_298' title='bbox 1019 4693 1175 4777; x_wconf 84' lang='lat' dir='ltr'><strong>predicte.</strong></span> 
     </span>
    </p>
   </div>
   <div class='ocr_carea' id='block_1_15' title="bbox 722 4940 1332 5010">
    <p class='ocr_par' dir='ltr' id='par_1_15' title="bbox 722 4940 1332 5010">
     <span class='ocr_line' id='line_1_33' title="bbox 722 4940 1332 5010; baseline -0.007 -1"><span class='ocrx_word' id='word_1_299' title='bbox 722 4944 942 5009; x_wconf 79' lang='lat' dir='ltr'><strong>Huunnnnurr</strong></span> <span class='ocrx_word' id='word_1_300' title='bbox 966 4965 1009 5008; x_wconf 82' lang='lat' dir='ltr'><strong>ns</strong></span> <span class='ocrx_word' id='word_1_301' title='bbox 1033 4940 1332 5010; x_wconf 80' lang='lat' dir='ltr'><strong>DONEWORTH.</strong></span> 
     </span>
    </p>
   </div>
   <div class='ocr_carea' id='block_1_16' title="bbox 277 5075 1779 5516">
    <p class='ocr_par' dir='ltr' id='par_1_16' title="bbox 277 5075 1779 5516">
     <span class='ocr_line' id='line_1_34' title="bbox 320 5075 1777 5164; baseline -0.002 -21"><span class='ocrx_word' id='word_1_302' title='bbox 320 5081 369 5146; x_wconf 86' lang='lat' dir='ltr'><strong>Do</strong></span> <span class='ocrx_word' id='word_1_303' title='bbox 391 5081 555 5146; x_wconf 79' lang='lat' dir='ltr'><strong>sbbotisso</strong></span> <span class='ocrx_word' id='word_1_304' title='bbox 581 5081 692 5146; x_wconf 75' lang='lat' dir='ltr'><strong>Sancti</strong></span> <span class='ocrx_word' id='word_1_305' title='bbox 717 5081 866 5145; x_wconf 79' lang='lat' dir='ltr'><strong>Edwardi</strong></span> <span class='ocrx_word' id='word_1_306' title='bbox 891 5079 1073 5155; x_wconf 80' lang='lat' dir='ltr'><strong>Shsstonie,</strong></span> <span class='ocrx_word' id='word_1_307' title='bbox 1089 5080 1147 5164; x_wconf 90' lang='lat' dir='ltr'><strong>qui</strong></span> <span class='ocrx_word' id='word_1_308' title='bbox 1165 5083 1233 5160; x_wconf 80' lang='lat' dir='ltr'><strong>(sio)</strong></span> <span class='ocrx_word' id='word_1_309' title='bbox 1250 5085 1341 5144; x_wconf 87' lang='lat' dir='ltr'><strong>tenet</strong></span> <span class='ocrx_word' id='word_1_310' title='bbox 1365 5079 1509 5141; x_wconf 79' lang='lat' dir='ltr'><strong>maneria</strong></span> <span class='ocrx_word' id='word_1_311' title='bbox 1523 5076 1563 5140; x_wconf 89' lang='lat' dir='ltr'><strong>de</strong></span> <span class='ocrx_word' id='word_1_312' title='bbox 1579 5075 1777 5154; x_wconf 79' lang='lat' dir='ltr'><strong>Trssusosr,</strong></span> 
     </span>
     <span class='ocr_line' id='line_1_35' title="bbox 278 5163 1778 5259; baseline -0.007 -24"><span class='ocrx_word' id='word_1_313' title='bbox 278 5168 354 5235; x_wconf 82' lang='lat' dir='ltr'><strong>an</strong></span> <span class='ocrx_word' id='word_1_314' title='bbox 375 5215 823 5234; x_wconf 91' lang='grc'><strong>.........</strong></span> <span class='ocrx_word' id='word_1_315' title='bbox 846 5177 925 5232; x_wconf 89' lang='lat' dir='ltr'><strong>sunt</strong></span> <span class='ocrx_word' id='word_1_316' title='bbox 948 5167 1106 5252; x_wconf 75' lang='lat' dir='ltr'><strong>particule</strong></span> <span class='ocrx_word' id='word_1_317' title='bbox 1121 5175 1154 5232; x_wconf 88' lang='lat' dir='ltr'><strong>et</strong></span> <span class='ocrx_word' id='word_1_318' title='bbox 1169 5165 1316 5232; x_wconf 83' lang='lat' dir='ltr'><strong>membro</strong></span> <span class='ocrx_word' id='word_1_319' title='bbox 1330 5166 1479 5259; x_wconf 71' lang='lat' dir='ltr'><strong>omnipm</strong></span> <span class='ocrx_word' id='word_1_320' title='bbox 1494 5163 1721 5248; x_wconf 73' lang='lat' dir='ltr'><strong>temporalium</strong></span> <span class='ocrx_word' id='word_1_321' title='bbox 1736 5163 1778 5226; x_wconf 84' lang='lat' dir='ltr'><strong>od</strong></span> 
     </span>
     <span class='ocr_line' id='line_1_36' title="bbox 278 5249 1778 5341; baseline -0.005 -21"><span class='ocrx_word' id='word_1_322' title='bbox 278 5255 401 5320; x_wconf 72' lang='lat' dir='ltr'><strong>dictem</strong></span> <span class='ocrx_word' id='word_1_323' title='bbox 429 5254 620 5320; x_wconf 79' lang='lat' dir='ltr'><strong>ebbctlrism</strong></span> <span class='ocrx_word' id='word_1_324' title='bbox 648 5255 918 5341; x_wconf 70' lang='lat' dir='ltr'><strong>qualitercunque</strong></span> <span class='ocrx_word' id='word_1_325' title='bbox 953 5302 1240 5321; x_wconf 92' lang='grc'><strong>......</strong></span> <span class='ocrx_word' id='word_1_326' title='bbox 1273 5255 1341 5318; x_wconf 86' lang='lat' dir='ltr'><strong>sine</strong></span> <span class='ocrx_word' id='word_1_327' title='bbox 1370 5253 1490 5332; x_wconf 89' lang='lat' dir='ltr'><strong>medio,</strong></span> <span class='ocrx_word' id='word_1_328' title='bbox 1519 5272 1578 5335; x_wconf 88' lang='lat' dir='ltr'><strong>per</strong></span> <span class='ocrx_word' id='word_1_329' title='bbox 1607 5249 1778 5314; x_wconf 81' lang='lat' dir='ltr'><strong>servicium</strong></span> 
     </span>
     <span class='ocr_line' id='line_1_37' title="bbox 277 5337 1779 5429; baseline -0.005 -21"><span class='ocrx_word' id='word_1_330' title='bbox 277 5347 406 5429; x_wconf 78' lang='lat' dir='ltr'><strong>septem</strong></span> <span class='ocrx_word' id='word_1_331' title='bbox 435 5343 605 5408; x_wconf 81' lang='lat' dir='ltr'><strong>feodorum</strong></span> <span class='ocrx_word' id='word_1_332' title='bbox 634 5341 790 5422; x_wconf 89' lang='lat' dir='ltr'><strong>militum,</strong></span> <span class='ocrx_word' id='word_1_333' title='bbox 816 5341 918 5406; x_wconf 91' lang='lat' dir='ltr'><strong>nichil</strong></span> <span class='ocrx_word' id='word_1_334' title='bbox 947 5343 1142 5426; x_wconf 87' lang='lat' dir='ltr'><strong>respondent</strong></span> <span class='ocrx_word' id='word_1_335' title='bbox 1171 5341 1238 5419; x_wconf 88' lang='lat' dir='ltr'><strong>hic,</strong></span> <span class='ocrx_word' id='word_1_336' title='bbox 1264 5340 1412 5424; x_wconf 89' lang='lat' dir='ltr'><strong>eoquod</strong></span> <span class='ocrx_word' id='word_1_337' title='bbox 1462 5339 1589 5403; x_wconf 82' lang='lat' dir='ltr'><strong>redicta</strong></span> <span class='ocrx_word' id='word_1_338' title='bbox 1614 5337 1779 5402; x_wconf 75' lang='lat' dir='ltr'><strong>abbatissa</strong></span> 
     </span>
     <span class='ocr_line' id='line_1_38' title="bbox 279 5361 1462 5516; baseline -0.005 -19"><span class='ocrx_word' id='word_1_339' title='bbox 279 5479 510 5500; x_wconf 90' lang='grc'><strong>.....</strong></span> <span class='ocrx_word' id='word_1_340' title='bbox 560 5425 670 5516; x_wconf 58' lang='grc' dir='ltr'><strong>[ΝΜ</strong></span> <span class='ocrx_word' id='word_1_341' title='bbox 685 5427 842 5496; x_wconf 77' lang='lat' dir='ltr'><strong>videntur</strong></span> <span class='ocrx_word' id='word_1_342' title='bbox 855 5437 1027 5514; x_wconf 90' lang='lat' dir='ltr'><strong>compotus</strong></span> <span class='ocrx_word' id='word_1_343' title='bbox 1040 5428 1250 5494; x_wconf 87' lang='lat' dir='ltr'><strong>collectorum</strong></span> <span class='ocrx_word' id='word_1_344' title='bbox 1265 5429 1301 5491; x_wconf 94' lang='lat' dir='ltr'><strong>in</strong></span> <span class='ocrx_word' id='word_1_345' title='bbox 1316 5361 1462 5512; x_wconf 47' lang='lat' dir='ltr'><strong>Donet}</strong></span> 
     </span>
    </p>
   </div>
   <div class='ocr_carea' id='block_1_17' title="bbox 0 0 2068 6116">
    <p class='ocr_par' dir='ltr' id='par_1_17' title="bbox 0 0 2068 6116">
     <span class='ocr_line' id='line_1_39' title="bbox 0 0 2068 6116; baseline 0 0"><span class='ocrx_word' id='word_1_346' title='bbox 0 0 2068 6116; x_wconf 95' lang='lat' dir='ltr'><strong> </strong></span> 
     </span>
    </p>
   </div>
  </div>
 </body>
</html>
