4092 6117
769 638 870 731 [au.
895 632 1140 730 laon-130&
1643 638 1705 702 181

253 931 420 1017 Regngius
438 932 506 1011 (aia)
524 936 594 997 atto
608 932 724 1011 Wode,
738 933 923 1002 Wilielmua
938 934 977 997 de
993 934 1144 1013 Hammo,
1163 932 1325 997 Gerardna
1339 932 1381 996 de
1396 930 1598 1018 PyggefmIe,
1619 926 1708 1011 prior

211 1022 250 1084 de
264 1017 475 1099 Micheiham‚
490 1025 526 1085 et
541 1020 654 1084 Simon
670 1021 711 1084 de
726 1021 884 1085 Hemated
901 1027 1015 1085 tenent
1029 1022 1070 1086 de
1084 1021 1174 1085 dicto
1188 1020 1333 1085 manerio
1349 1019 1390 1085 de
1404 1018 1621 1104 Gevyngeton
1634 1014 1671 1101 ij.
1683 1014 1707 1081 i.

213 1109 247 1171 in
261 1108 410 1188 Bouron,
425 1107 570 1189 Dra-rou,
585 1114 619 1173 et
636 1109 823 1176 Smauoaa.

255 1244 496 1396 witigimfuade
510 1243 733 1329 Echingcham
749 1249 839 1310 tenet
855 1246 896 1309 de
922 1246 1012 1311 dicto
1036 1246 1181 1311 manerio
1207 1246 1248 1309 de
1272 1244 1488 1329 Gevyngeton
1511 1244 1547 1307 in
1572 1241 1707 1311 Omm-

214 1352 319 1400 mn
357 1354 379 1397 1.
409 1383 417 1397 .
1062 1352 1065 1359 ’

256 1446 417 1509 Robertna
439 1445 480 1508 de
507 1444 690 1529 Paaaelegh,
715 1445 872 1510 Robertua
899 1446 1091 1527 Wodelond,
1119 1452 1152 1511 et
1178 1446 1344 1516 Walterua
1370 1444 1519 1528 Evening
1543 1448 1579 1507 at
1604 1439 1708 1505 ceteri

213 1538 359 1597 tenentes
373 1538 489 1597 tenent
504 1533 544 1596 de
558 1532 646 1596 dicto
660 1534 807 1597 manerio
822 1534 861 1598 de
877 1533 1093 1619 Gevyngcton
1108 1536 1142 1597 in
1158 1535 1298 1602 Bouana
1309 1533 1336 1618 j.
1352 1532 1375 1599 f.
1392 1554 1438 1599 m.

254 1671 437 1739 Wiltetmua
463 1670 577 1733 Manae
602 1676 694 1734 tenet
717 1671 758 1733 de
784 1671 874 1735 dicto
900 1673 1046 1736 manerio
1072 1673 1112 1736 de
1139 1672 1355 1756 Gevyngeton
1382 1671 1418 1734 in
1432 1669 1579 1733 manerio
1595 1686 1652 1731 auo
1667 1668 1709 1732 de

215 1760 471 1826 Curmucuuacrr
481 1757 508 1841 j.
524 1757 548 1821 f.
565 1757 611 1822 di.
628 1765 660 1820 et
676 1758 700 1844 j.
716 1765 822 1842 quart.
839 1765 875 1821 et
888 1760 922 1821 iu
943 1760 1074 1841 Daauu,
1092 1761 1322 1837 Coaaarorou
1339 1760 1710 1835 etAuwa1cnaaaou‚et

216 1846 391 1923 Isaram,
408 1846 495 1907 unde
509 1850 659 1909 tenentes
673 1846 713 1908 de
730 1846 895 1909 Isecombe
910 1852 1027 1910 teuent
1042 1853 1167 1911 sextam
1183 1850 1310 1931 partem
1322 1846 1348 1931 j.
1359 1846 1382 1908 f.
1394 1852 1427 1908 et
1443 1846 1531 1927 prior
1544 1843 1585 1906 de
1601 1842 1710 1907 Lewea

216 1940 305 1997 tenet
327 1935 363 1995 in
392 1929 651 2019 [Inhumana
675 1938 825 2015 quartam
850 1938 975 2017 partem
1000 1934 1028 2018 j.
1055 1934 1077 1999 s.
1124 1934 1166 1997 Et
1194 1933 1291 1999 abbas
1319 1932 1360 1997 de
1385 1932 1488 1995 Ponte
1512 1929 1648 1994 Robcrti
1676 1936 1708 1993 et

218 2021 384 2105 Roggerna
413 2020 454 2083 de
483 2018 662 2083 Cobbeiord
692 2025 806 2083 tenent
832 2066 1663 2087 ................
1686 2017 1710 2083 f.

217 2109 261 2171 Et
289 2108 434 2192 Rogema
457 2106 572 2170 Manae
596 2113 744 2171 octavam
769 2112 895 2191 partem
913 2108 942 2192 j.
959 2107 982 2173 t.
1009 2110 1044 2173 in
1070 2109 1262 2178 Wauoarou
1287 2114 1320 2172 et
1347 2108 1621 2173 Auwarouasrou.
1668 2104 1711 2166 Et

215 2196 261 2259 Pe
284 2242 684 2261 ........
706 2201 742 2259 et
768 2196 965 2259 Laureucius
980 2197 1021 2259 de
1036 2196 1193 2281 Mopham
1210 2200 1322 2261 tenent
1345 2202 1470 2259 sextam
1497 2196 1625 2278 partem
1644 2192 1672 2277 j.
1688 2191 1711 2257 f.

218 2282 262 2346 Et
278 2282 364 2345 idem
378 2280 561 2349 Willelmua
576 2280 689 2345 Maure
700 2282 726 2366 j.
742 2286 847 2365 quart.
859 2282 887 2367 j.
903 2282 928 2349 f.

260 2418 431 2483 Michaelis
453 2418 493 2483 de
518 2418 690 2503 Ponyngea
714 2424 808 2483 tenet
831 2419 872 2483 de
897 2420 987 2483 dicto
1008 2421 1153 2484 manerio
1167 2420 1207 2485 de
1223 2420 1438 2505 Gevyngeton
1462 2418 1496 2481 in
1512 2416 1664 2484 Pansrorr
1679 2417 1716 2479 in

217 2510 376 2571 comitatu
390 2506 539 2570 Suasexie
548 2506 576 2589 j.
593 2506 616 2571 f.
632 2528 678 2573 m.
723 2506 769 2570 Et
796 2507 944 2590 predicta
968 2506 1126 2571 Nicholaa
1147 2505 1202 2595 [de
1217 2504 1389 2594 Aldcham]
1410 2507 1445 2568 in
1467 2504 1556 2569 dioto
1571 2505 1715 2567 manerio

219 2598 257 2660 de
272 2595 497 2663 Gumourou
512 2594 557 2659 di.
573 2593 595 2659 f.
611 2600 645 2657 et
656 2594 682 2677 j.
699 2600 806 2676 quart.
819 2594 848 2677 j.
864 2595 889 2659 t.

262 2732 406 2796 Andreas
421 2732 462 2795 de
477 2730 642 2795 Saukevill
658 2736 751 2796 tenet
765 2733 801 2794 in
816 2732 964 2795 manerio
978 2752 1036 2795 auo
1050 2732 1090 2797 de
1106 2732 1324 2801 cammaron
1340 2752 1394 2797 scr
1408 2734 1430 2799 i.
1446 2733 1532 2795 unde
1554 2730 1718 2794 Johanncs

221 2818 418 2903 Heryngaud
433 2825 520 2882 tenet
535 2819 577 2882 de
591 2819 681 2882 dicto
696 2821 839 2883 manerio
854 2821 889 2882 in
905 2819 1006 2887 Wusr
1021 2820 1130 2898 Danu,
1143 2820 1347 2899 Wauoaaua,
1364 2820 1520 2899 Farerou,
1536 2826 1570 2882 et
1587 2816 1717 2886 Somou
1761 2856 1768 2869 ·

220 2910 282 2971 tria
299 2907 321 2973 f.
336 2912 372 2971 et
386 2906 431 2971 di.
477 2906 520 2969 Et
535 2907 642 2969 dictus
660 2906 802 2970 Andreas
826 2907 862 2970 in
878 2906 966 2969 dicto
981 2909 1131 2970 manerio
1147 2908 1187 2971 de
1204 2908 1434 2987 Cnauvurtuort,
1450 2908 1670 2986 Bracarum,
1684 2910 1716 2967 et

222 2996 402 3061 Baranam
417 2994 483 3057 duo
498 2993 521 3058 i.
537 3000 570 3056 et
585 2993 631 3059 di.

265 3130 448 3199 Willelmua
473 3130 587 3193 Mauso
610 3133 702 3193 tenet
729 3131 762 3191 in
788 3131 933 3194 manerio
956 3151 1015 3193 auo
1041 3130 1080 3194 de
1094 3130 1273 3198 Eonrurou
1289 3133 1389 3215 trias.
1407 3132 1493 3196 unde
1507 3131 1664 3195 Ricardua
1679 3130 1719 3194 de

223 3217 354 3282 Haured
370 3222 464 3281 tenet
479 3218 513 3279 in
528 3220 688 3280 comitatu
703 3215 938 3281 Norbamtonie
952 3218 977 3303 j.
992 3218 1016 3283 f.
1063 3218 1106 3281 Et
1122 3217 1312 3302 Radulphua
1328 3220 1367 3282 de
1382 3220 1507 3303 Horaye
1522 3224 1557 3282 et
1574 3222 1721 3282 tenentes

221 3308 260 3369 de
287 3307 462 3388 Lamporte
487 3310 603 3368 tenent
627 3305 761 3367 terciam
785 3310 913 3387 partem
934 3306 962 3389 j.
978 3306 1001 3371 f.
1017 3327 1063 3370 m.
1109 3306 1152 3368 Et
1174 3305 1336 3369 Robertus
1350 3306 1391 3370 de
1408 3304 1603 3391 Burghersae
1630 3310 1721 3369 tanet

222 3395 358 3458 terciam
374 3398 502 3475 partem
512 3390 539 3474 j.
562 3389 600 3477 [t.
617 3388 681 3476 m]
702 3390 853 3454 libertate
867 3393 1011 3477 quinque
1037 3398 1191 3476 portuum
1217 3395 1304 3477 apud
1332 3395 1519 3459 Parauaea.
1565 3393 1608 3454 Et
1623 3392 1720 3455 abbas

223 3481 263 3543 de
279 3479 443 3565 Begeham
458 3484 553 3541 tenet
568 3479 705 3541 terciam
721 3482 848 3561 partem
859 3479 885 3563 j.
896 3480 919 3543 t.
931 3480 965 3541 in
982 3526 1320 3545 .......
1343 3480 1387 3543 Et
1402 3479 1583 3548 Willelmua
1599 3478 1721 3562 Paynel

222 3574 313 3631 tenet
328 3566 414 3650 apud
424 3567 618 3636 Wauoaaua
633 3567 679 3631 di.
692 3566 714 3628 t.
760 3566 801 3628 Et
818 3566 929 3629 dictus
940 3566 1124 3635 Willelmuo
1135 3566 1247 3630 Mauso
1259 3573 1349 3632 tenet
1364 3568 1398 3630 in
1416 3567 1563 3651 predicto
1577 3566 1722 3630 manerio

223 3656 267 3720 di.
283 3653 306 3719 f.
321 3674 368 3720 m.
808 3715 812 3723 .

266 3764 407 3829 Thomas
423 3764 553 3830 Peverel
569 3769 604 3827 et
620 3764 777 3827 Nicholaa
792 3766 832 3827 de
850 3762 1006 3830 aldeham
1033 3770 1151 3830 tenent
1175 3769 1209 3831 in
1235 3768 1351 3832 Exuru
1374 3771 1407 3830 et
1433 3768 1572 3833 Bouana
1595 3766 1619 3851 j.
1635 3764 1660 3831 f.
1676 3764 1721 3830 di.

225 3855 310 3918 ltem
326 3854 415 3916 idem
427 3854 573 3935 (itteyible
589 3858 704 3934 entry).
739 3852 826 3915 Item
841 3854 930 3916 idem
945 3852 1087 3917 Thomas
1102 3860 1193 3918 tenet
1209 3856 1242 3917 iu
1254 3854 1485 3935 Garumnam,
1495 3854 1722 3932 Currrucuun,

224 3948 258 4005 et
272 3942 539 4007 Faacoaraaaaa
548 3940 577 4022 j.
593 3939 617 4004 f.

265 4051 448 4119 Willelmus
462 4050 503 4113 de
517 4050 755 4134 Egelingeham
769 4054 863 4114 tenet
877 4052 912 4114 in
927 4052 1106 4118 Prouanau
1122 4052 1157 4140 ij.
1173 4054 1196 4120 f.
1213 4074 1258 4119 m.

268 4189 429 4253 Rcbertua
443 4188 485 4251 de
500 4186 609 4266 Brom‚
624 4188 716 4250 heres
731 4186 771 4250 dc
787 4187 977 4266 Hertefend,
991 4193 1027 4252 et
1048 4192 1135 4273 prior
1160 4189 1201 4253 de
1227 4190 1438 4270 Michelham,
1463 4198 1497 4255 et
1513 4192 1670 4257 Robcrtus
1684 4192 1725 4255 de

226 4277 413 4362 Ywereggc‚
428 4282 463 4338 et
477 4274 641 4341 Walterus
656 4275 697 4337 de
713 4276 744 4338 lo
760 4275 886 4358 Lynde‚
908 4273 1049 4339 Thomas
1071 4277 1206 4341 Peverel
1233 4284 1267 4342 ct
1292 4278 1458 4343 Johannea
1481 4280 1522 4343 de
1548 4279 1725 4343 Radmelde

226 4370 341 4428 tenent
356 4363 417 4448 iiij.
434 4361 456 4426 f.
471 4363 506 4424 in
523 4362 743 4440 Humanum,
759 4362 1035 4441 Bannamamoa,
1051 4363 1202 4443 Bouana,
1215 4368 1250 4428 et
1265 4366 1628 4446 Auva1ouaarou,unde
1643 4365 1688 4429 di.
1700 4367 1723 4430 s.

227 4451 310 4537 quod
325 4452 392 4514 fuit
407 4450 543 4515 Walteri
559 4449 598 4511 de
615 4447 843 4511 Alvricheaton
860 4450 894 4511 in
911 4451 1165 4518 Aurruorrusrou
1180 4458 1228 4515 eat
1244 4454 1335 4516 inter
1350 4455 1497 4537 predicta
1511 4461 1649 4538 quatuor
1664 4453 1686 4518 i.

273 4589 432 4651 ltobertua
457 4586 548 4671 Davy
572 4591 666 4649 tenet
689 4587 724 4649 in
751 4586 911 4653 Hoasruo
934 4586 972 4672 ij.
990 4588 1011 4651 t.
1027 4585 1114 4649 unde
1138 4586 1224 4669 prior
1247 4586 1287 4647 de
1312 4588 1423 4653 Lewea
1445 4592 1479 4653 in
1495 4589 1678 4655 Lauoaura
1693 4594 1728 4651 et

229 4677 386 4740 Hortarer>
406 4678 524 4751 (tenet)
542 4678 608 4736 tres
624 4680 733 4755 partes
743 4673 772 4756 j
788 4676 810 4737 f.
825 4681 860 4737 et
884 4674 1045 4737 Robertus
1071 4672 1212 4735 Hammo
1236 4672 1275 4735 de
1301 4675 1521 4739 Alvricheaton
1546 4684 1637 4739 tenet
1662 4680 1729 4737 tres

230 4774 333 4846 parter
348 4764 373 4848 j.
390 4762 413 4825 f.
459 4762 506 4823 Et
520 4760 705 4827 Willelmua
719 4760 759 4823 de
777 4758 1002 4843 Echingeham
1016 4766 1108 4823 tenet
1122 4762 1155 4822 in
1173 4760 1351 4827 Pmuaoau
1366 4764 1390 4849 j.
1406 4770 1511 4849 quart.
1555 4764 1600 4825 Et
1622 4763 1729 4825 dictus

230 4851 388 4913 imbertus
414 4848 506 4931 Davy
528 4854 621 4911 tenet
644 4850 677 4910 in
703 4848 849 4931 predicta
875 4848 1035 4915 Housman
1061 4848 1085 4934 j.
1103 4854 1207 4930 quart.
1220 4846 1247 4931 j.
1264 4846 1286 4911 f.
1332 4850 1377 4911 Et
1399 4850 1564 4913 sciendum
1580 4858 1628 4914 est
1645 4849 1729 4935 quod

229 4940 336 5000 omnia
350 4936 500 5020 predicta
516 4934 611 4997 teoda
633 4981 1139 5001 ..........
1163 4954 1261 5018 parvo
1276 4936 1369 5001 feodo
1384 4938 1546 5020 Mortayn.

278 5076 335 5138 [ati
351 5071 526 5155 subscripti
543 5077 660 5136 tenent
674 5072 715 5135 de
729 5074 861 5137 domino
876 5093 950 5159 rege
965 5075 1019 5140 i.c.
1035 5074 1069 5137 in
1084 5092 1162 5156 rapo
1177 5072 1216 5135 de
1231 5070 1395 5135 Paveneae
1409 5068 1562 5153 Mortayn
1571 5091 1625 5135 2-

269 5212 409 5277 Thomaa
424 5209 559 5274 Percrel
576 5214 668 5273 tenet
683 5210 717 5274 in
733 5210 949 5279 Bmonncoa
964 5212 1045 5275 duae
1059 5216 1169 5294 partes
1178 5209 1205 5294 j.
1220 5207 1244 5275 f.

271 5349 383 5414 Simon
400 5348 574 5430 Evcnyng,
587 5346 774 5413 Willelmus
789 5349 819 5412 le
835 5348 910 5428 Bat,
926 5355 961 5413 et·
984 5346 1143 5411 Ricardua
1166 5346 1205 5410 de
1231 5346 1372 5409 Hammo
1398 5348 1432 5407 et
1456 5342 1513 5406 alii
1528 5347 1677 5407 tenentes
1692 5342 1734 5405 de

226 5442 415 5503 tenemento
429 5435 518 5520 quod
534 5434 598 5498 fuit
616 5433 756 5498 Gilberti
772 5435 804 5497 le
821 5436 929 5501 Frank
946 5441 1060 5501 tenent
1077 5437 1110 5497 in
1127 5434 1266 5499 Bouana
1282 5433 1417 5495 terciam
1433 5434 1557 5516 partem
1573 5432 1598 5515 j.
1616 5432 1638 5491 f.
