4092 6117
884 563 967 631 on.
992 567 1086 632 1428.
1503 533 1509 558 '
1671 562 1733 624 oss

271 849 454 915 Willelmns
483 849 613 928 Palton‚
643 851 748 928 mites,
778 851 937 915 Ricardus
973 852 1150 929 Milbume,
1189 849 1329 912 Thomas
1366 848 1489 934 Rygge,
1528 854 1562 912 et
1594 845 1734 909 Thomas

229 935 428 1020 Lyngenere,
445 942 560 1002 tenent
575 939 768 1004 immediate
783 940 824 1003 de
838 939 971 1002 domino
994 940 1034 1003 de
1060 938 1219 1022 Berkeley
1235 943 1323 1000 certo
1345 941 1450 1000 terras
1476 940 1511 999 et
1535 940 1735 1011 tenemento,

227 1024 560 1198 tribuiter?
572 1024 940 1177 {attexitote
951 1023 1481 1196 tibitibi?hobiit
1498 1023 1540 1086 ‘³⁶
1555 1023 1587 1085 ¹²
1603 1021 1735 1105 Μ’

270 1257 430 1322 Robertus
445 1257 596 1336 Chelone,
608 1257 761 1339 chivalcr,
777 1266 869 1322 tenet
886 1261 1077 1324 immediate
1093 1259 1134 1322 de
1149 1258 1313 1323 abbatissa
1335 1257 1504 1322 Shoitcnie
1526 1262 1613 1321 certa
1636 1263 1736 1322 terras

228 1350 262 1408 et
289 1352 494 1424 tenemento,
522 1367 585 1429 qne
621 1367 726 1430 nuper
761 1349 895 1411 fuerunt
924 1346 1085 1411 Johannis
1115 1346 1253 1430 Mandyt
1289 1352 1324 1409 et
1359 1345 1495 1409 Isobelle
1525 1343 1674 1424 Chelons,
1702 1347 1735 1408 in

228 1433 398 1512 Forsnann,
415 1455 473 1518 per
486 1436 637 1517 quintum
652 1442 778 1517 portem
795 1456 851 1499 un.
866 1435 890 1500 f.
906 1456 952 1500 m.

271 1570 474 1656 Reginaldus
488 1571 591 1651 West,
606 1572 759 1651 chivalcr,
776 1577 867 1637 tenet
894 1573 1087 1635 immediate
1113 1571 1154 1635 de
1168 1571 1330 1635 abbatissa
1347 1569 1517 1633 Shaftonie
1532 1575 1620 1634 certo
1636 1574 1738 1633 terras

228 1664 477 1830 ptutpplpnplpptp,
483 1679 556 1812 1{pre
581 1679 685 1744 nuper
708 1659 841 1723 fuerunt
866 1658 990 1724 Thome
1013 1659 1115 1738 West,
1131 1658 1259 1738 militia,
1275 1660 1310 1721 in
1326 1659 1496 1738 Fosnsnn,
1514 1677 1572 1741 per
1586 1659 1736 1742 quintam

272 1883 416 1948 Heredes
432 1883 576 1948 Simonis
591 1885 788 1949 Oranoombe
812 1893 846 1948 et
861 1885 1022 1948 Johannis
1046 1885 1127 1968 Inge
1150 1889 1266 1947 tenent
1288 1883 1481 1948 immediate
1507 1884 1547 1945 de
1574 1883 1737 1946 abbatissa

230 1969 399 2034 Shoitonie
423 1978 512 2036 certa
541 1981 644 2036 terras
672 1983 707 2037 et
736 1979 936 2051 tenemento,
967 1994 1031 2056 qne
1060 1993 1165 2056 nuper
1193 1973 1326 2036 fuerunt
1356 1971 1496 2054 predicti
1528 1972 1672 2038 Simonis
1702 1977 1735 2034 et

229 2057 398 2138 Johannis,
412 2060 447 2124 in
463 2060 634 2138 Fosrnnn,
651 2081 708 2144 per
722 2063 872 2144 quintum
888 2067 1012 2145 portem
1028 2080 1082 2126 un.
1100 2060 1123 2124 f.
1140 2081 1185 2125 m.

272 2203 473 2290 Reginoldus
488 2205 594 2282 West,
608 2203 763 2283 chivalcr,
788 2211 880 2270 tenet
907 2207 1112 2282 immediate,
1135 2206 1176 2269 de
1202 2225 1266 2290 quo
1292 2205 1341 2269 vel
1365 2205 1546 2290 dequibus
1572 2205 1734 2290 ignorant,

230 2299 317 2356 certo
340 2299 444 2356 terras
465 2304 500 2356 et
525 2299 726 2369 tenemento,
741 2314 804 2376 que
828 2314 936 2378 nuper
958 2294 1092 2356 fuerunt
1107 2293 1230 2356 Thome
1246 2293 1350 2369 West,
1364 2292 1495 2370 militis,
1508 2293 1543 2356 in
1560 2291 1734 2371 Nmnnrnn,

231 2399 288 2462 per
302 2379 464 2444 decimam
479 2386 605 2464 partem
621 2400 676 2445 un.
692 2381 715 2446 f.
734 2402 779 2445 m.

274 2523 421 2589 Heredes
436 2523 596 2588 Johannis
609 2524 650 2588 de
664 2524 825 2589 Snndbull
840 2531 959 2589 tenent
972 2525 1175 2599 immediate,
1189 2525 1230 2588 de
1245 2545 1309 2608 quo
1320 2525 1373 2588 vel
1387 2525 1559 2610 dequibus
1573 2526 1737 2610 ignorant,

231 2618 317 2674 certo
333 2617 433 2676 terros
448 2619 482 2675 et
498 2619 698 2692 tenemento,
714 2634 776 2696 qne
790 2634 896 2698 nuper
919 2613 1055 2676 inerunt
1079 2611 1099 2675 J
1102 2611 1240 2676 ohannis
1265 2613 1306 2674 de
1332 2609 1502 2692 Sandhull,
1517 2614 1552 2676 in
1567 2615 1736 2692 Assoron,

233 2719 291 2784 per
305 2699 463 2762 decimam
480 2707 608 2782 portem
624 2720 680 2764 nn.
696 2703 720 2765 f.
737 2722 782 2766 m.

275 2846 420 2910 Heredes
435 2846 595 2910 Johannis
611 2847 762 2931 Maudyt,
780 2845 939 2911 Johannis
953 2847 1083 2930 Reigni,
1097 2852 1129 2909 et
1145 2843 1270 2908 Thome
1288 2845 1390 2926 West,
1403 2850 1521 2911 tenent
1536 2847 1738 2926 immediate,

231 2933 358 3019 dequo
384 2935 436 2997 vei
461 2933 502 2997 de
527 2934 646 3019 quibus
671 2937 837 3019 ignorant,
863 2938 953 2998 certo
976 2941 1076 2996 terras
1100 2939 1135 2997 et
1161 2939 1362 3013 tenemento,
1390 2953 1453 3018 quc
1480 2954 1584 3018 nuper
1604 2934 1739 2998 fuerunt

232 3019 392 3085 Johannis
408 3021 558 3107 Moudyt‚
575 3021 734 3086 Johannis
750 3021 878 3106 Reigni,
895 3028 931 3086 et
944 3022 1068 3084 Thomc
1085 3021 1186 3099 West,
1201 3023 1235 3084 iu
1261 3021 1481 3088 Swonronnvn
1497 3031 1530 3085 et
1547 3021 1737 3102 F1asnonn,

232 3128 291 3193 per
319 3108 480 3171 decimam
509 3115 635 3192 partem
666 3129 722 3175 nn.
754 3111 778 3174 f.
806 3131 851 3175 m.
878 3109 967 3172 unde
997 3109 1106 3172 dictus
1136 3107 1302 3174 Johannes
1327 3109 1367 3172 de
1390 3108 1511 3194 Reigni
1536 3114 1569 3173 et
1599 3108 1738 3174 Thomas

232 3203 414 3260 tenuerunt
428 3204 507 3261 un⁸¹¹¹
523 3203 650 3280 partem
667 3197 812 3280 predicte
827 3197 954 3260 decime
969 3198 1082 3280 partis.

279 3344 443 3408 Walterus
459 3344 684 3428 Hungerford,
697 3343 848 3424 chivoler,
864 3345 1015 3408 dominus
1032 3344 1254 3427 Hungerford,
1271 3347 1364 3406 tenet
1378 3344 1567 3407 immediate
1582 3343 1622 3408 de
1638 3351 1743 3410 castro

233 3433 274 3496 de
303 3432 418 3514 Ewyas
447 3438 536 3495 certo
566 3439 670 3494 terras
700 3441 734 3495 et
763 3438 963 3510 tenemento,
993 3452 1057 3514 que
1086 3451 1190 3514 nuper
1219 3431 1352 3494 suerunt
1378 3431 1550 3495 Anostocie
1580 3431 1671 3494 Hnse
1706 3438 1741 3496 et

234 3519 394 3588 Johannis
407 3518 604 3602 Fraunceys,
618 3521 652 3581 in
669 3520 846 3586 Tannosnn
861 3520 990 3596 Eunus,
1007 3539 1064 3601 per
1080 3539 1136 3582 un.
1152 3517 1175 3583 f.
1191 3539 1237 3583 m.

276 3664 463 3728 willelmus
477 3662 608 3742 Hilton,
619 3669 653 3727 et
668 3664 689 3730 J
690 3665 819 3727 ohanna
834 3686 914 3728 uxor
930 3665 1014 3751 ejus,
1029 3669 1144 3727 tenent
1158 3663 1358 3741 immediate,
1370 3661 1410 3724 de
1425 3682 1491 3744 quo
1505 3663 1556 3725 vol
1570 3662 1610 3726 de
1625 3664 1742 3750 quibus

233 3753 397 3837 ignorant,
423 3757 513 3814 certa
535 3757 639 3814 terras
662 3763 695 3814 et
720 3758 923 3831 tenemento,
949 3772 1011 3834 que
1038 3771 1142 3834 nuper
1165 3751 1300 3814 fuerunt
1323 3749 1363 3812 de
1388 3768 1453 3832 quo
1478 3749 1529 3813 vel
1553 3749 1594 3813 de
1624 3751 1741 3833 quibus

233 3840 396 3924 ignorant,
412 3838 448 3900 in
463 3838 564 3905 Wnsr
579 3838 730 3916 Hoconn,
747 3860 802 3922 per
817 3840 864 3904 di.
880 3839 904 3904 f.
921 3860 968 3904 m.

277 3986 480 4070 Reginaldus
495 3987 598 4062 West,
615 3984 721 4064 miles,
737 3985 890 4049 dominus
913 3986 954 4049 de
979 3985 1011 4048 lo
1034 3985 1157 4064 Worre,
1182 3987 1277 4047 tenet
1302 3983 1494 4047 immediate
1520 3983 1560 4047 de
1579 3984 1742 4050 abbatissa

235 4072 410 4138 Sbot'tonie
425 4079 515 4137 certa
529 4079 634 4136 terras
649 4080 684 4136 et
701 4079 890 4136 tenemento
903 4073 937 4136 in
953 4073 1150 4150 Haemona,
1168 4092 1224 4155 per
1238 4077 1388 4154 quartam
1407 4077 1531 4155 portem
1547 4090 1604 4137 un.
1622 4072 1647 4138 f.
1663 4093 1708 4140 m.

278 4227 442 4294 iohannes
457 4224 627 4308 Westbury
644 4229 738 4287 tenet
753 4225 793 4288 de
808 4225 990 4310 Reginaldo
1009 4225 1109 4301 West,
1124 4224 1242 4301 milite,
1258 4227 1347 4286 certa
1368 4227 1471 4287 terras
1494 4228 1528 4287 et
1552 4231 1743 4290 tenemento

235 4316 271 4377 in
286 4315 391 4382 Wrnn
407 4333 508 4378 sarno
524 4313 709 4379 Trssannar
723 4312 765 4375 ad
780 4315 962 4376 terminum
979 4315 1048 4376 vite
1062 4311 1208 4396 ejusdem
1225 4309 1394 4388 Johannis,
1412 4330 1475 4394 que
1490 4331 1595 4395 nuper
1609 4312 1742 4378 suerunt

237 4401 359 4464 Thome
379 4400 481 4479 West,
505 4420 562 4482 per
586 4399 751 4462 redditum
780 4399 891 4463 decem
918 4419 1100 4463 mareomm
1126 4419 1181 4482 per
1211 4416 1333 4461 annum
1363 4396 1468 4461 eidem
1499 4397 1682 4484 Reginaldo
1711 4406 1746 4465 et

236 4487 408 4552 heredibus
434 4489 501 4550 suis
526 4507 584 4570 pro
610 4485 762 4549 omnibns
789 4487 931 4551 serviciis
957 4486 1154 4564 solvendum,
1180 4506 1242 4572 que
1266 4484 1352 4547 idem
1382 4481 1523 4549 Thomas
1552 4487 1662 4550 tenuit
1687 4508 1744 4571 per

236 4576 371 4639 terciam
386 4580 511 4658 partem
526 4595 582 4639 un.
599 4573 622 4640 i.
639 4595 684 4638 m.

281 4712 442 4776 Robertua
468 4709 618 4790 Chalons,
634 4710 788 4788 chivalcr,
811 4717 902 4774 tenet
927 4712 1131 4798 immediate,
1156 4712 1198 4775 de
1222 4732 1285 4793 quo
1302 4711 1353 4774 vel
1375 4711 1415 4772 dc
1439 4710 1556 4795 quibus
1579 4712 1745 4796 ignorant,

237 4805 490 4865 consonaret
506 4803 692 4862 tenemento
707 4801 742 4860 in
758 4800 918 4864 Fosrnnn
934 4799 1097 4878 Grrnsnn,
1114 4820 1171 4882 per
1185 4803 1334 4884 quartam
1350 4805 1477 4881 portem
1493 4817 1549 4865 un.
1566 4799 1589 4864 f.
1606 4820 1650 4864 m.

281 4950 425 5014 Heredes
442 4949 600 5012 Willelmi
624 4949 766 5033 Molyns,
793 4949 948 5032 chivalcr,
973 4957 1091 5014 tenent
1117 4949 1320 5026 immediate,
1342 4946 1383 5011 de
1409 4967 1473 5030 quo
1489 4946 1540 5010 vel
1566 4946 1745 5032 dequibus

239 5038 401 5122 ignorant,
418 5045 507 5101 certa
530 5044 634 5100 terras
660 5047 695 5100 et
720 5044 908 5101 tenemento
934 5041 970 5102 in
985 5039 1172 5104 Faosnonn
1196 5039 1231 5099 in
1255 5033 1406 5120 parochia
1421 5035 1461 5100 ds
1479 5033 1665 5102 Trosssnnn
1687 5057 1745 5120 per

239 5133 389 5207 qnortom
404 5131 533 5208 portem
549 5144 608 5189 un.
623 5124 647 5188 f.
664 5145 709 5190 m.

278 5261 482 5347 Reginoldus
497 5258 600 5338 West,
615 5258 930 5341 ohivoler,dominus
945 5262 986 5325 de
1001 5262 1034 5326 la
1049 5260 1172 5340 Worre,
1187 5263 1284 5326 tenet
1298 5257 1489 5322 immediato
1504 5257 1545 5321 de
1560 5277 1646 5344 rege,
1655 5265 1745 5324 certo

235 5354 338 5416 terras
352 5355 389 5414 et
404 5353 594 5414 tenemento
608 5349 642 5412 in
661 5349 893 5428 Swonncnrvn,
910 5349 1027 5432 perdi.
1043 5348 1066 5412 f.
1083 5369 1128 5415 m.
