4092 6117
286 546 351 621 310
894 544 1184 626 WORGES'PER.

328 838 373 902 ut
386 839 428 904 de
442 839 479 928 ij.
490 865 517 908 s.
532 844 574 908 de
588 844 741 909 Gilbertc
756 845 860 931 Leger
885 851 921 910 et
946 844 1073 910 Thomu
1096 851 1167 911 otte
1192 846 1306 912 Selver
1330 867 1390 930 pro
1413 855 1492 914 xxm·
1509 850 1601 932 perte
1611 847 1639 932 j.
1655 847 1679 914 l.
1694 869 1739 914 m.
1756 847 1792 911 in

285 925 451 1009 Pmoun,
467 951 567 1014 quam
582 931 745 998 Robertus
759 933 849 998 filius
864 933 1026 997 willelmi
1040 933 1206 1018 quondam
1221 937 1342 1014 tenuit,
1357 936 1442 1000 sicut
1456 937 1647 1000 continetur
1661 943 1725 1002 etc.

330 1059 376 1126 Et
401 1061 441 1127 de
466 1063 535 1151 viij.
545 1089 572 1131 s.
599 1066 642 1129 de
668 1064 793 1131 Thema
817 1068 858 1131 de
886 1067 1034 1152 Glipston
1057 1089 1115 1153 pro
1141 1071 1185 1134 r‘*
1215 1073 1306 1156 purte
1327 1069 1356 1154 j.
1373 1067 1396 1134 f.
1413 1089 1458 1135 m.
1474 1070 1509 1133 in
1525 1071 1816 1155 Nomuquam·

286 1148 426 1213 Thomas
442 1151 482 1215 de
496 1151 639 1237 Norwyir
652 1156 818 1238 qnondam
834 1157 958 1237 tenuit,
973 1158 1060 1222 sicut
1075 1159 1262 1222 continetur
1277 1163 1340 1222 etc.

330 1289 374 1351 Et
396 1289 437 1353 de
451 1289 557 1376 viiic.
581 1291 620 1354 de
646 1278 795 1355 Joheirue
822 1292 861 1356 de
888 1293 1038 1377 Clipston
1064 1314 1121 1378 pro
1147 1298 1192 1358 ν’·
1212 1300 1305 1378 perte
1330 1295 1354 1381 j.
1371 1294 1394 1360 f.
1411 1317 1456 1360 m.
1472 1297 1506 1358 in
1522 1296 1679 1373 Nouum,
1693 1317 1791 1380 quam

285 1377 399 1439 Aricia
412 1378 453 1441 de
469 1378 661 1463 Kyngeford
676 1381 842 1464 quondum
857 1383 979 1462 tenuit,
995 1383 1081 1447 sicut
1097 1383 1286 1447 continetur
1300 1387 1362 1448 etc.

329 1514 375 1577 Et
389 1513 428 1577 de
443 1514 479 1601 ij.
489 1538 515 1580 s.
531 1515 572 1578 de
587 1514 735 1580 Johsnne
750 1517 881 1581 Gilbert
895 1539 955 1601 pro
969 1528 1047 1584 xxm·
1064 1525 1158 1602 perte
1172 1521 1197 1606 j.
1214 1520 1238 1582 f.
1254 1541 1299 1585 m.
1316 1520 1350 1582 in
1368 1520 1491 1598 Uerou,
1508 1540 1607 1604 quem
1628 1521 1790 1585 Henricus

284 1601 371 1664 filius
387 1601 523 1666 Henrici
537 1603 578 1666 de
593 1603 706 1686 Upton
720 1605 884 1688 quondum
900 1609 1021 1684 tenuit,
1038 1609 1123 1670 sicut
1139 1609 1326 1672 continetur
1342 1613 1406 1671 etc.

329 1741 373 1804 Et
388 1740 429 1803 de
444 1740 522 1807 xls.
537 1742 579 1805 de
594 1741 759 1806 Willelmo
782 1743 814 1807 le
839 1742 990 1827 Spenser,
1017 1743 1170 1825 cbivaler,
1196 1768 1255 1830 pro
1277 1747 1301 1833 j.
1317 1744 1341 1810 f.
1358 1767 1404 1811 m.
1432 1747 1466 1809 in
1493 1744 1690 1824 Louuuoou,
1704 1749 1789 1832 quod

285 1828 469 1892 Willslmus
483 1829 617 1894 'l'ravers
632 1830 796 1913 quondam
811 1833 934 1911 tenuit,
951 1833 1039 1895 sicut
1054 1834 1244 1898 continetur
1258 1842 1321 1898 etc.

328 1965 374 2028 ut
396 1967 438 2030 de
462 1989 553 2032 xm.
578 1967 619 2031 de
648 1967 825 2046 willelmo,
850 1969 969 2034 ebbete
996 1969 1036 2033 de
1063 1970 1237 2049 Evesbem,
1261 1992 1320 2055 pro
1345 1971 1390 2036 di.
1420 1969 1442 2036 f.
1459 1993 1503 2037 m.
1526 1973 1561 2035 in
1578 1973 1787 2052 Tsnnrnrou

283 2055 803 2208 §ffiffitnffettfimnmm’
819 2057 906 2140 quod
922 2057 1111 2122 Willelmus
1126 2057 1214 2122 filius
1229 2059 1352 2142 Augeri
1377 2059 1543 2141 quondam
1567 2063 1692 2138 tenuit,
1706 2063 1790 2126 sicut

777 2282 983 2346 denariorum
998 2284 1095 2348 istius
1110 2281 1274 2348 hundredi
1286 2284 1404 2351 r—lxv.
1414 2287 1450 2351 li.

616 2285 946 2444 summa{feodorum
956 2372 1111 2457 z-xxxij.
1129 2371 1153 2437 f.
1169 2373 1215 2438 di.

325 2505 370 2569 Et
384 2506 425 2569 de
439 2504 482 2571 ir.
492 2506 526 2571 b'.
542 2506 583 2569 de
598 2505 714 2570 abbate
728 2507 769 2570 de
785 2507 946 2572 Evesbem
962 2529 1020 2595 pro
1035 2515 1175 2596 quatuor
1188 2509 1213 2575 f.
1225 2514 1260 2574 et
1273 2510 1319 2576 di.
1331 2509 1366 2573 in
1381 2511 1594 2575 comitatibus
1605 2511 1791 2598 Wygornie,

282 2593 496 2670 (iloucoetrie‚
510 2599 546 2658 et
560 2591 807 2660 Norbemtouie.

521 2774 656 2838 summ
667 2735 1012 2903 totalis[denariorum
1023 2733 1189 2821 r-clxiiij.
1200 2737 1233 2800 li.
1249 2734 1322 2820 ijs.
1338 2737 1362 2821 j.
1375 2738 1406 2801 d.

806 2821 975 2886 feodorum
984 2821 1160 2910 r-iiijnij.
1175 2823 1199 2888 i.
1215 2829 1250 2887 et
1267 2833 1321 2894 xxi
1343 2844 1417 2907 pars
1432 2825 1457 2910 j.
1472 2824 1496 2890 f.

905 3230 1002 3303 Μ).
1046 3230 1166 3304 1428.

323 3391 486 3460 Heuricns
500 3392 553 3459 dei
568 3395 675 3481 grstia
690 3414 745 3458 rex
760 3400 825 3461 etc.
873 3397 974 3473 (Writ
986 3419 1024 3461 cs
1037 3398 1168 3480 printed
1183 3395 1246 3460 vol.
1263 3395 1308 3460 ΙΙ.
1325 3416 1357 3479 p.
1376 3397 1460 3473 180.)

322 3536 487 3599 Particule
501 3535 645 3618 compoti
660 3533 826 3618 Redulpbi
840 3532 1013 3599 Mershtou
1029 3535 1070 3598 de
1087 3535 1276 3621 Wygornia,
1290 3534 1398 3614 beker,
1423 3539 1456 3598 et
1483 3533 1615 3598 Ricardi
1632 3533 1731 3598 Beret
1746 3533 1788 3597 de

277 3625 402 3725 eedem,
416 3623 631 3724 collectorum·
651 3622 825 3725 cujusdam
852 3622 992 3686 subsidii
1016 3624 1051 3685 in
1078 3623 1216 3687 civitate
1232 3621 1421 3726 Wygornie,
1431 3623 1520 3724 quod
1535 3622 1791 3772 cogrmnnsimets

279 3709 1465 3880 ttbtdtltlrtltitttttt?itslrttffllb
1481 3728 1765 3880 iltutus.

833 4037 964 4104 Crvrrss
986 4035 1241 4104 WYGORNIE.

325 4175 416 4240 Idem
447 4171 590 4236 reddunt
619 4179 806 4256 compotum
837 4174 877 4238 de
906 4174 968 4260 iiij.
981 4176 1015 4239 li.
1047 4173 1164 4260 xviia.
1197 4173 1266 4260 viij.
1279 4175 1312 4239 d.
1347 4175 1387 4238 de
1420 4173 1606 4259 hujusmodi
1644 4175 1788 4238 subsidio

281 4262 544 4327 inhabituncium
570 4259 735 4324 domicilia
761 4261 949 4325 tenoncium
974 4263 1009 4324 in
1041 4261 1084 4326 ix.
1109 4263 1268 4346 parochiis
1296 4263 1382 4325 infra
1409 4263 1579 4325 civitatem
1608 4262 1786 4346 predictum

281 4371 416 4435 quarum
431 4348 565 4412 ecclesie
580 4348 621 4411 ad
637 4347 740 4433 xlviij.
751 4350 785 4413 ii.
801 4350 903 4434 xvir.
919 4348 989 4434 viij.
999 4350 1032 4414 d.
1056 4350 1145 4413 inter
1168 4371 1202 4414 se
1228 4353 1384 4414 texentur
1409 4349 1505 4433 juxta
1519 4369 1632 4412 verum
1648 4348 1786 4412 valorem

282 4437 459 4503 earundem
484 4436 638 4499 videlicet
667 4435 708 4498 de
734 4435 933 4520 quibuslibet
958 4436 1079 4519 viginti
1106 4435 1217 4500 solidis
1243 4436 1317 4522 ijs.
1345 4442 1380 4499 et
1404 4437 1449 4498 sic
1474 4437 1672 4500 ascendendo
1690 4435 1786 4518 juxte

282 4533 386 4590 retem
402 4544 503 4606 usque
517 4522 559 4586 ed
575 4542 786 4606 suppremum
800 4530 834 4586 et
848 4523 1029 4586 maximum
1041 4524 1181 4588 valorem
1192 4523 1370 4608 cujuslibet
1381 4523 1457 4586 telis
1469 4523 1604 4587 ecclesie
1619 4545 1675 4606 per
1691 4524 1787 4586 breve

282 4615 368 4698 regis
382 4612 564 4694 predictum
579 4631 677 4693 supro
691 4611 726 4672 in
742 4610 841 4672 titulo
855 4608 1046 4695 hujusmodi
1070 4613 1217 4694 compoti
1240 4617 1434 4674 annotatum
1451 4621 1486 4673 et
1502 4611 1589 4673 sicut
1602 4611 1789 4674 continetur

280 4702 316 4764 in
340 4698 481 4784 quedam
508 4697 725 4781 inquisicione
750 4698 827 4761 inde
852 4718 960 4761 coram
984 4699 1121 4782 prefatis
1143 4698 1371 4762 collectoribus
1396 4703 1492 4780 cepte
1517 4703 1552 4760 et
1576 4718 1672 4781 super
1700 4696 1786 4760 hunc

281 4792 471 4870 compotum
497 4785 635 4848 liberate
660 4785 701 4848 de
726 4784 837 4868 aliquo
860 4785 1005 4849 subsidio
1030 4785 1239 4868 proveniente
1263 4786 1303 4849 de
1330 4785 1434 4849 feodis
1462 4785 1608 4848 militum
1639 4787 1672 4847 in
1699 4784 1787 4848 dictu

283 4877 418 4939 civitate
434 4872 659 4957 Wygomiensi
674 4892 733 4954 per
747 4878 878 4956 tempus
893 4871 1083 4958 hujusmodi
1098 4873 1242 4958 compoti
1257 4892 1322 4936 nou
1337 4872 1532 4955 respondent
1548 4892 1586 4935 eo
1602 4872 1687 4956 quod
1703 4872 1787 4935 nulli

282 4961 428 5025 homines
443 4980 548 5045 neque
563 4964 713 5022 tenentes
728 4968 805 5022 sunt
829 4959 864 5021 in
891 4960 1038 5042 predicte
1061 4962 1197 5024 civitate
1222 4981 1281 5023 nec
1305 4961 1340 5022 in
1365 4959 1527 5022 suburbiis
1553 4959 1702 5042 ejusdem
1728 4961 1785 5041 qui

280 5056 395 5114 tenent
420 5047 530 5132 ulique
554 5051 656 5109 terras
683 5067 740 5109 seu
763 5052 953 5109 tenementa
977 5049 1064 5111 infre
1087 5048 1260 5112 civitatem
1285 5043 1468 5130 predictam
1484 5045 1535 5110 vel
1562 5049 1596 5109 in
1625 5045 1787 5109 suburbiis

280 5136 424 5220 ejusdem
439 5155 496 5217 per
510 5133 682 5196 servicium
698 5132 841 5197 militare
854 5134 942 5196 uude
958 5135 1062 5219 aliqui
1077 5135 1204 5198 denarii
1219 5135 1260 5197 ed
1275 5154 1357 5217 opus
1372 5134 1460 5217 regis
1475 5133 1577 5197 levari
1592 5137 1740 5217 possunt,
1748 5139 1785 5196 ut

278 5226 392 5288 dicunt
407 5241 503 5305 super
518 5228 757 5284 sacromentum
772 5241 883 5300 suum,
900 5230 933 5287 ct
948 5225 1036 5287 sicut
1051 5223 1242 5288 continetur
1256 5223 1291 5284 in
1306 5221 1524 5306 inquisicione
1538 5220 1695 5305 predicte.

674 5353 809 5416 Summe
823 5363 953 5440 recepte
963 5356 1080 5444 2-iiij.
1091 5359 1126 5423 ti.
1144 5355 1259 5444 xvij.r.
1276 5354 1388 5443 viiic.
