4092 6117
909 602 991 672 tl).
1015 605 1112 674 lane.
1696 603 1761 672 239

258 895 476 981 Alwardbury‚
492 896 549 982 qui
575 895 692 961 dicunt
718 917 815 982 super
840 903 1081 964 sacrament-um
1108 919 1215 978 suum,
1231 900 1317 984 qnod
1341 918 1452 963 omnes
1475 917 1611 983 persone
1635 899 1671 962 in
1696 899 1761 962 ista

256 983 472 1069 inquisicione
487 986 655 1048 nominate
669 991 748 1048 sunt
762 986 873 1050 eeieite
889 993 924 1050 et
939 987 1186 1070 possessionate,
1195 991 1230 1051 et
1244 1006 1355 1050 eorum
1372 986 1517 1073 quelibet
1531 991 1583 1049 est
1598 987 1713 1049 scisite
1728 993 1762 1050 et

255 1073 492 1155 possessionata
522 1071 563 1136 de
591 1068 687 1135 terrie
717 1079 751 1136 et
780 1075 978 1137 tenementis
1004 1075 1039 1137 in
1067 1075 1231 1138 dominico
1255 1081 1294 1138 ut
1316 1075 1356 1138 de
1382 1075 1485 1138 libero
1511 1080 1713 1152 tenemento,
1727 1081 1762 1138 et

255 1164 380 1238 teuent,
395 1164 572 1238 contenet,
588 1159 684 1223 modo
700 1165 734 1224 et
750 1159 854 1224 forma
867 1163 925 1245 qui
941 1163 1099 1248 sequitur,
1114 1162 1279 1241 videlicet,
1297 1162 1383 1248 quod
1394 1187 1448 1228 :-

297 1345 484 1428 Margareta
512 1345 661 1429 Popham
690 1353 782 1412 tenet
810 1348 852 1412 ad
889 1349 1072 1414 terminum
1102 1351 1171 1412 vite
1207 1369 1264 1412 sue
1302 1348 1495 1412 immediate
1525 1347 1565 1412 de
1595 1346 1763 1431 Stephano

255 1432 410 1516 Popham,
426 1434 549 1511 milite,
563 1440 651 1498 certa
675 1439 778 1498 terras
803 1442 838 1499 et
863 1440 1054 1499 tenementa
1076 1437 1112 1499 in
1127 1436 1228 1503 Wnsr
1243 1436 1362 1502 Deoua
1378 1442 1412 1498 et
1427 1436 1682 1512 Esruavuernn‚
1698 1456 1762 1520 que

254 1541 359 1605 nuper
374 1523 509 1585 fuerunt
526 1522 699 1586 laurencii
714 1523 755 1586 de
772 1521 893 1587 Sancto
907 1522 1064 1601 Martiae,
1074 1544 1136 1608 per
1150 1524 1322 1587 servicium
1338 1525 1382 1587 di.
1398 1525 1421 1588 f.
1439 1543 1493 1588 un.
1512 1545 1557 1589 m.

301 1673 436 1736 Brianua
451 1673 490 1736 de
506 1672 692 1756 Stapeiton,
706 1673 812 1749 miles,
825 1678 917 1737 tenet
933 1673 1124 1736 immediate
1140 1673 1179 1735 de
1195 1639 1270 1757 repe
1284 1679 1374 1736 certa
1396 1680 1498 1735 terrac
1523 1679 1556 1736 et
1573 1678 1763 1736 tenemento

254 1763 289 1823 in
303 1761 404 1862 Wasr
431 1761 550 1911 Igpopn
576 1771 611 1824 et
636 1761 914 1839 Eureevueernn,
931 1781 994 1844 que
1016 1781 1121 1844 nuper
1146 1760 1281 1824 fuerunt
1303 1759 1423 1825 Oliveri
1450 1760 1491 1823 de
1516 1759 1680 1845 Yngbam,
1704 1781 1762 1844 per

254 1869 425 1913 servicium
463 1870 486 1914 1.
517 1871 585 1914 .m.

297 2003 492 2066 Edmundne
518 2002 705 2085 Dauntcsey
720 2007 811 2066 tenet
835 2001 1027 2080 immediate
1042 2002 1084 2065 de
1112 2023 1188 2084 rege
1214 2005 1305 2065 certa
1330 2006 1431 2065 terras
1454 2007 1490 2066 et
1513 2007 1701 2066 tenementa
1725 2005 1760 2066 in

256 2090 527 2170 Lernamsromr,
543 2111 605 2173 que
619 2109 724 2173 nuper
739 2089 874 2154 fuerunt
889 2087 1047 2153 Johannie
1062 2088 1241 2168 Bokelond‚
1257 2110 1316 2172 per
1331 2089 1502 2153 servicium
1520 2090 1564 2154 di.
1580 2091 1603 2156 f.
1619 2112 1664 2156 m.

296 2251 403 2315 Abbae
418 2249 587 2315 Glastcnie
602 2255 696 2314 tenet
710 2247 903 2313 immediate
918 2247 960 2311 dc
974 2268 1051 2333 rege
1067 2254 1158 2312 certa
1174 2255 1274 2312 terras
1289 2255 1324 2312 et
1334 2255 1524 2315 tenementa
1535 2253 1568 2314 in
1579 2252 1760 2318 Ynueerou

254 2343 287 2402 et
303 2339 502 2419 Goueunou,
517 2359 582 2422 que
596 2338 730 2401 fuerunt
745 2373 930 2416 ——-,
946 2356 1004 2419 per
1019 2336 1190 2399 servicium
1204 2335 1230 2419 j.
1248 2337 1269 2402 f.
1286 2359 1331 2403 m.

295 2493 388 2556 Prior
413 2493 607 2557 Monasterii
634 2490 767 2554 Edcrosi
792 2495 883 2554 tenet
896 2489 1087 2553 immediate
1102 2489 1141 2552 de
1156 2509 1233 2574 rege
1256 2495 1344 2554 certa
1358 2495 1460 2555 terrae
1475 2497 1510 2556 et
1524 2497 1712 2557 tenemento
1725 2495 1759 2556 in

253 2581 430 2734 §epinges
445 2582 481 2644 in
495 2600 609 2664 puram
624 2579 841 2658 elimosinam,
858 2597 921 2662 que
937 2597 1040 2661 nuper
1054 2576 1186 2640 fuerunt
1201 2578 1296 2641 Alani
1307 2573 1480 2659 *Plokenet
1507 2601 1564 2664 per
1587 2583 1759 2644 servicium

296 2823 341 2886 Et
366 2823 453 2910 quod
477 2822 594 2899 Alicio,
609 2839 672 2907 que
695 2817 1035 2882 memorabatur
1065 2816 1167 2901 Devy,
1192 2823 1285 2881 tenet
1308 2818 1502 2882 immediate
1525 2819 1565 2894 de
1591 2818 1761 2883 heredibus

254 2910 393 2993 predicti
418 2910 569 2973 Edwardi
599 2910 635 2971 in
659 2908 812 2975 Waunnu
833 2909 933 2984 (certa
955 2909 1058 2968 terras
1086 2910 1120 2966 et
1144 2910 1360 2984 tenementa),
1392 2925 1455 2990 que
1494 2925 1599 2990 nuper
1629 2905 1762 2970 fuerunt

253 2995 375 3062 Thorne
389 2997 470 3061 Prot
485 3001 521 3061 et
535 2995 694 3061 Jobannie
709 2993 935 3079 Begelesgete,
948 3012 1005 3076 per
1020 2993 1195 3056 servicium
1210 2991 1284 3078 iiij*
1305 2993 1408 3077 partis
1422 2992 1445 3058 f.
1460 3015 1506 3058 m.

298 3157 411 3224 Comes
449 3156 630 3220 Sarieburie
665 3158 759 3218 tenet
794 3153 986 3218 immediate
1014 3154 1056 3218 de
1086 3173 1161 3238 rege
1189 3159 1278 3218 certa
1308 3161 1410 3218 terras
1443 3162 1479 3219 et
1507 3161 1697 3220 tenementa
1726 3155 1762 3219 in

254 3247 513 3399 gvprpnamuau
538 3252 573 3308 et
599 3245 743 3320 Posrou,
768 3263 831 3328 que
856 3261 959 3326 nuper
984 3239 1120 3305 fuerunt
1149 3243 1279 3306 comitis
1311 3243 1478 3323 Warenuc,
1509 3263 1563 3328 per
1592 3245 1762 3309 servicium

296 3484 476 3549 Mauricius
490 3484 530 3548 de
546 3481 832 3566 Berkeley,miles,
844 3485 937 3544 tenet
950 3480 1144 3545 immediate
1158 3479 1200 3544 de
1214 3501 1292 3568 rege
1307 3487 1397 3544 certe
1411 3487 1513 3546 terrae
1528 3486 1563 3546 et
1577 3487 1764 3550 tenementa

255 3574 290 3637 in
304 3573 582 3641 Wnsroanrrernn
605 3579 641 3633 et
667 3571 895 3648 Pnarrneonn,
909 3588 974 3652 que
1000 3589 1104 3652 nuper
1127 3567 1260 3632 fuerunt
1286 3568 1449 3654 Margarie
1472 3569 1513 3634 de
1536 3569 1713 3654 Grymsted
1727 3579 1761 3637 et

256 3662 326 3725 Ade
341 3661 383 3725 de
397 3657 588 3743 Grymsted,
599 3678 658 3741 per
672 3657 845 3721 servicium
859 3676 915 3721 nn.
931 3655 954 3721 s.
970 3676 1016 3722 m.
1031 3665 1067 3720 et
1082 3655 1127 3721 di.
1142 3655 1167 3721 s.
1183 3678 1228 3722 m.

299 3823 460 3908 Magister
474 3822 514 3886 de
531 3821 680 3886 Gauntes
689 3820 787 3905 juxta
803 3819 937 3883 Brietoll
951 3825 1048 3883 tenet
1063 3819 1256 3883 immediate
1272 3819 1313 3882 de
1324 3819 1458 3883 dominc
1468 3839 1543 3904 rege
1554 3824 1664 3884 nostro
1675 3827 1764 3886 certa

255 3920 357 3975 terras
382 3915 415 3974 et
440 3915 627 3974 tenemento
641 3910 678 3971 in
700 3927 816 3992 puram
840 3907 1051 3971 elemosinam
1065 3907 1100 3968 in
1116 3907 1375 3973 Wvurnneourru
1391 3905 1568 3986 stennone,
1585 3929 1648 3992 que
1663 3929 1765 3994 nuper

256 3998 390 4063 fuerunt
405 3997 556 4082 magistri
571 4003 606 4060 et
633 3997 771 4059 fratrum
793 3995 908 4058 domus
923 3993 1038 4059 Sancti
1053 3994 1157 4057 Marci
1171 3994 1211 4058 de
1226 3993 1408 4079 Bellysvryk
1432 3994 1529 4078 juxta
1544 3994 1691 4075 Brietoll,
1704 4017 1762 4081 per

256 4087 428 4151 servicium
443 4085 488 4151 di.
503 4083 527 4150 f.
543 4105 588 4149 m.
604 4104 662 4169 pro
676 4084 794 4166 quibus
808 4083 907 4148 solvit
921 4082 1077 4159 decimae,
1091 4081 1221 4169 quando
1235 4082 1360 4146 decime
1374 4088 1520 4148 currunt.

298 4247 450 4311 Tomasia
471 4245 661 4329 Daunteeey
683 4248 773 4309 tenet
795 4243 986 4307 immediate
1010 4242 1051 4304 de
1078 4241 1227 4306 Johanne
1254 4241 1485 4328 Straddelyng,
1508 4242 1660 4325 chivaler,
1674 4253 1763 4310 certa

255 4339 357 4398 terras
380 4340 415 4397 et
438 4337 631 4397 tenemento
655 4335 691 4396 in
714 4333 974 4401 Wvuraaeouen
998 4330 1211 4408 Decurreuv,
1234 4351 1294 4416 que
1320 4351 1425 4416 nuper
1447 4331 1581 4396 suerunt
1603 4333 1764 4398 Katcrinc

256 4421 447 4504 Dauntesey
462 4442 518 4505 per
534 4422 706 4485 cervicium
722 4419 797 4504 iiije
818 4419 920 4502 portis
934 4437 991 4480 un.
1006 4417 1030 4481 t.
1045 4439 1091 4482 m.

299 4573 492 4638 Edmundus
521 4573 666 4639 Penston
695 4575 791 4636 tenet
818 4571 1009 4634 immediate
1040 4570 1081 4633 dc
1104 4569 1276 4634 heredibus
1304 4572 1434 4635 comitis
1461 4571 1649 4638 Hertfordie
1672 4579 1762 4637 certa

256 4667 356 4724 terrae
380 4669 415 4725 et
438 4667 626 4725 tenemento
650 4662 685 4723 in
713 4661 972 4727 anreaaouerv
997 4658 1216 4736 Centaurea,
1247 4679 1311 4742 que
1342 4679 1445 4742 nuper
1474 4661 1609 4724 fuerunt
1638 4661 1761 4726 Thorne

257 4747 426 4826 Beamer,
441 4768 497 4831 per
513 4749 683 4812 servicium
698 4748 743 4811 di.
758 4747 783 4809 f.
797 4767 843 4812 m.

299 4899 485 4962 Willelmue
500 4899 675 4983 Daungeus
699 4902 794 4961 tenet
816 4894 1007 4961 immediate
1033 4895 1074 4959 de
1096 4895 1201 4979 priore
1227 4897 1266 4959 de
1291 4895 1494 4982 Braddelegh
1508 4902 1596 4961 certa
1611 4902 1712 4962 terras
1726 4905 1761 4963 et

256 4993 444 5050 tenementa
458 4990 493 5048 in
510 4988 653 5064 Poarou,
668 5005 731 5069 que
746 5004 846 5068 nuper
863 4984 999 5046 fuerunt
1013 4982 1128 5062 Alicie,
1144 5003 1208 5066 qne
1232 4981 1297 5046 fuit
1321 5003 1399 5046 uxor
1420 4983 1553 5048 Jordani
1570 4983 1759 5072 Daungeue,

256 5093 310 5156 per
324 5075 494 5137 servicium
509 5075 555 5137 di.
571 5074 594 5140 f.
611 5094 657 5139 m.

298 5219 416 5285 Petrus
430 5219 595 5284 Thacbam
611 5224 705 5284 tenet
719 5219 908 5289 immediate
922 5219 963 5285 de
978 5220 1098 5286 abbate
1114 5221 1285 5287 Glastonie
1301 5227 1390 5287 certa
1405 5229 1509 5288 terrae
1523 5229 1557 5288 et
1572 5230 1759 5290 tenementa

257 5307 565 5464 {212⁸ssquoe
580 5327 685 5392 nuper
698 5309 833 5376 fuerunt
849 5309 984 5375 Henrici
997 5310 1038 5374 de
1050 5307 1192 5394 Walery,
1204 5331 1263 5398 per
1277 5310 1449 5380 servicium
1460 5312 1597 5384 duarum
1613 5315 1759 5395 partium
