4092 6117
902 562 984 628 aD.
1010 567 1105 629 1428.
1692 573 1755 638 278

246 851 362 917 dicunt
398 873 494 937 snper
529 855 772 916 sacramentum
803 872 912 931 suum,
942 851 1028 934 quod
1060 871 1173 918 omnes
1209 875 1344 938 persone
1374 858 1408 920 in
1438 857 1502 930 ista
1539 857 1753 942 inquisicione

247 942 415 1004 nominate
453 944 531 1004 snut
567 941 681 1004 seisite
719 945 752 1002 et
790 940 1039 1023 possessionate‚
1079 947 1115 1003 et
1151 961 1263 1005 earum
1301 943 1447 1028 quelibet
1484 948 1532 1007 est
1571 946 1682 1008 saisita
1720 954 1754 1010 et

248 1029 485 1110 possessionata
498 1028 540 1091 de
554 1028 652 1092 terris
667 1035 700 1090 et
716 1028 916 1091 tenementis
931 1028 966 1089 iu
980 1026 1146 1090 dominico
1170 1049 1227 1092 suo
1254 1034 1291 1092 ut
1306 1032 1347 1095 de
1363 1030 1465 1094 libero
1481 1035 1681 1110 tenemento,
1696 1054 1753 1097 seu

248 1121 340 1179 tenet
355 1115 452 1179 modo
466 1122 501 1178 et
515 1114 620 1180 forma
635 1114 691 1200 qui
708 1120 879 1197 sequntur,
893 1114 1049 1178 videlicet
1064 1114 1151 1199 quod
1162 1137 1209 1178 :-

294 1300 433 1366 Thomas
447 1301 573 1380 Talbot,
588 1302 742 1365 domiuus
756 1301 797 1364 de
812 1300 1003 1379 Furuevale‚
1018 1306 1113 1365 tenet
1128 1303 1318 1366 immediate
1341 1304 1382 1367 de
1407 1305 1539 1369 domino
1565 1327 1640 1392 rege
1664 1311 1754 1370 certa

249 1395 350 1454 terras
376 1396 412 1453 et
439 1395 627 1454 tenemento
648 1389 685 1452 iu
711 1389 931 1466 Wvuasroau‚
956 1409 1018 1472 que
1045 1409 1148 1472 nuper
1174 1391 1308 1454 fuerunt
1333 1391 1472 1456 Isabelle
1486 1393 1527 1458 de
1548 1393 1671 1480 Borgb,
1697 1415 1753 1478 per

248 1478 422 1542 servicium
437 1477 514 1562 iiij*
533 1477 637 1561 partis
651 1475 674 1541 f.
690 1497 734 1541 m.

293 1640 454 1704 Dominus
481 1639 663 1702 Willelmus
688 1640 729 1702 de
752 1637 883 1715 Pallon,
908 1637 1014 1715 miles,
1029 1643 1123 1702 tenet
1146 1639 1336 1703 immediate
1364 1640 1403 1703 de
1427 1643 1550 1706 comite
1577 1642 1753 1708 Sarisburie

249 1733 339 1791 certa
363 1734 466 1790 terras
492 1734 527 1790 et
550 1731 737 1790 tenementa
762 1725 797 1788 in
821 1726 926 1804 Larsa,
943 1746 1006 1810 que
1034 1747 1140 1809 nuper
1165 1728 1298 1791 fuerunt
1325 1726 1484 1792 Johannis
1499 1731 1539 1793 de
1555 1729 1682 1809 Paltou,
1699 1753 1755 1816 per

211 1893 215 1900 ¹
250 1816 421 1881 servicium
436 1814 513 1900 iiije
534 1815 637 1898 partis
652 1815 675 1879 f.
692 1835 737 1879 m.
844 1895 847 1903 ,

293 1977 474 2060 Episcopus
489 1973 739 2038 Sarisburiensis
754 1978 845 2038 tenet
861 1979 950 2038 certa
964 1979 1069 2039 terras
1084 1979 1120 2038 et
1135 1979 1324 2039 tenementa
1340 1977 1375 2039 in
1400 1978 1490 2044 Nova
1507 1979 1705 2047 Simeonem
1720 1989 1755 2046 et

248 2065 451 2141 Wonasoau,
468 2064 581 2127 sibiet
597 2062 830 2126 successoribus
846 2063 925 2140 suis,
942 2082 998 2145 per
1014 2064 1187 2126 servicium
1203 2083 1259 2126 un.
1276 2063 1298 2128 f.
1314 2085 1359 2128 m.
1374 2069 1408 2128 et
1424 2072 1475 2129 est
1490 2067 1696 2135 decimabile.

297 2231 450 2295 Ricardus
482 2230 640 2294 llestwold
668 2237 759 2294 tenet
783 2229 974 2294 immediate
1001 2230 1042 2293 de
1066 2231 1217 2315 episcopo
1242 2229 1476 2297 sarisburiensi
1499 2239 1587 2300 certa
1604 2243 1703 2302 terras
1719 2245 1753 2302 et

249 2326 438 2384 teuemeuta
451 2320 487 2382 in
503 2319 609 2394 Ηεεε,
626 2338 690 2400 que
705 2318 842 2381 fuerunt
856 2317 978 2380 Tbome
995 2315 1242 2400 Syndelesham,
1258 2339 1317 2404 per
1331 2321 1500 2386 servicium
1517 2323 1561 2388 di.
1577 2325 1599 2391 f.
1616 2346 1660 2390 m.

294 2483 418 2546 Dicunt
440 2482 545 2544 eciam
570 2480 732 2565 juratores
756 2479 897 2564 predicti
912 2479 998 2564 quod
1023 2480 1114 2544 nulle
1144 2488 1232 2544 suut.
1252 2480 1315 2544 alie
1345 2501 1481 2564 persone
1508 2485 1575 2547 sive
1604 2489 1755 2549 tenentes

248 2571 335 2634 iutra
357 2568 564 2633 hundredum
590 2569 774 2651 predictum
803 2567 909 2630 seisiti
940 2568 976 2629 in
1006 2568 1171 2630 dominico
1200 2589 1256 2631 suo
1287 2569 1488 2648 immediate,
1514 2579 1554 2635 ut
1582 2572 1623 2635 de
1653 2572 1754 2636 libero

247 2664 447 2735 tenemento,
460 2656 547 2720 uude
571 2655 673 2718 iidem
697 2673 835 2738 persone
862 2654 930 2717 sive
957 2658 1106 2718 tenentes
1133 2657 1363 2738 possessiouati
1388 2655 1545 2737 existunt,
1561 2659 1619 2744 qui
1640 2666 1754 2724 tenent

247 2766 307 2830 per
320 2747 486 2829 integrum
501 2743 630 2807 feodum
652 2741 777 2821 militis,
794 2741 1018 2821 medietatem,
1033 2745 1181 2820 terciam,
1196 2743 1249 2808 vel
1274 2749 1423 2826 quartam
1445 2751 1573 2827 partem
1594 2766 1651 2812 uu.
1667 2747 1689 2812 f.
1706 2768 1750 2814 m.

247 2832 415 2896 inclusive.
1501 2849 1502 2854 ’

294 2969 334 3032 Iu
349 2968 443 3055 cujus
456 2969 504 3032 rei
517 2968 746 3033 testimonium
760 2973 823 3032 etc.

696 3414 918 3480 Hnunuauuu
941 3435 985 3478 un
1008 3411 1306 3481 WERMYS'I'RE.

294 3555 471 3642 Inquisicio
486 3558 582 3637 capta
596 3551 683 3636 apud
696 3551 896 3635 Wermystre
911 3551 967 3614 die
981 3548 1003 3614 J
1003 3551 1074 3614 ovis
1088 3551 1236 3634 proximo
1250 3554 1323 3633 post
1335 3548 1455 3613 festum
1468 3549 1580 3614 Sancti
1592 3549 1752 3630 Barnabe,

250 3643 408 3728 Apostoli,
423 3661 509 3706 anuo
523 3641 617 3726 regui
633 3641 721 3724 regis
747 3640 882 3702 Heurici
908 3639 994 3700 sexti
1019 3645 1093 3720 post
1118 3646 1333 3720 conquestum
1360 3643 1460 3716 sexto,
1476 3658 1586 3701 coram
1603 3639 1753 3705 Johanne

250 3730 353 3814 Payn,
368 3730 508 3793 Roberto
523 3727 632 3812 Etley,
647 3727 669 3790 J
670 3725 798 3790 ohanne
813 3725 959 3810 Sturmy,
973 3725 1014 3789 de
1031 3724 1182 3802 Axeiord,
1196 3722 1343 3788 Johanne
1359 3723 1458 3808 Bryd,
1473 3725 1512 3787 de
1529 3725 1751 3813 Marleburgh‚

251 3819 395 3882 Henrico
421 3815 590 3900 Bradeley,
615 3814 763 3878 Johanne
791 3812 936 3896 Sturmy,
959 3813 1000 3876 de
1025 3811 1282 3888 Wacbenesfeld,
1304 3810 1455 3875 Johanne
1471 3811 1574 3895 Buye,
1591 3813 1753 3878 Willelmo

253 3905 348 3982 Lord,
378 3905 419 3968 de
448 3903 541 3966 Nova
571 3900 764 3976 Sarisburia,
793 3909 826 3964 st
852 3898 1003 3963 Johanne
1041 3898 1237 3978 Mountfort‚
1269 3899 1309 3962 de
1340 3899 1409 3982 Lye
1438 3900 1534 3984 juxta
1564 3899 1750 3986 Westbury‚

250 3991 477 4056 collectoribus
491 3989 628 4053 subsidii
642 3988 766 4051 domiui
783 3989 871 4069 regis
884 3987 920 4050 in
935 3989 1096 4050 comitatu
1112 3985 1229 4050 Wiltes
1253 3989 1289 4049 in
1313 3987 1432 4050 ultimo
1457 3986 1669 4068 parliamento
1694 4009 1752 4054 suo

250 4087 343 4145 teuto
370 4077 458 4163 apud
482 4077 816 4153 westmonasterium,
837 4077 870 4137 in
902 4075 1065 4158 quindena
1095 4072 1208 4136 Sancti
1233 4071 1404 4137 Michaelis
1434 4074 1551 4136 ultimo
1582 4077 1750 4158 preterito,

251 4189 410 4321 titis
426 4159 1752 4337 btdztlffitll,dlltlldllbllbil'tit,¹'ltl0ll⁰mt,l?;:}l;

251 4343 410 4410 iohannis
432 4345 502 4406 atte
525 4339 638 4418 Mulle,
665 4337 799 4422 Georgii
823 4335 931 4415 cleri,
958 4335 1107 4399 Edvvardi
1123 4334 1217 4415 Brut,
1233 4334 1382 4398 Nicbolai
1398 4335 1555 4414 Bonham‚
1572 4342 1607 4399 et
1622 4338 1752 4401 Ricardi

251 4429 463 4516 Muryveder,
477 4428 670 4514 juratorum,
683 4425 867 4510 juratorum
890 4424 932 4488 de
957 4422 1136 4487 hundredo-
1150 4424 1191 4485 de
1218 4423 1424 4506 Wermystre‚
1452 4423 1509 4506 qui
1525 4423 1640 4487 dicunt
1655 4445 1751 4508 snper

251 4524 488 4584 sacramentum
517 4535 614 4578 suum
644 4513 729 4599 quod
758 4531 870 4575 omues
899 4531 1033 4594 persone
1062 4511 1097 4572 in
1125 4510 1191 4573 ists
1218 4511 1432 4594 inquisicione
1465 4511 1644 4591 nominate,
1675 4520 1752 4576 suut

252 4607 361 4672 seisite
375 4613 409 4668 et
424 4603 669 4688 possessionate,
684 4606 717 4665 et
733 4619 845 4662 eorum
859 4597 1004 4682 quelibet
1019 4604 1069 4662 est
1085 4598 1195 4660 saisita
1220 4604 1255 4660 et
1279 4599 1513 4680 possessionata
1536 4598 1577 4660 de
1599 4598 1692 4662 terris
1716 4607 1751 4663 et

251 4695 451 4759 tenementis
473 4693 509 4754 iu
531 4690 694 4753 dominico
717 4707 775 4749 suo
790 4693 829 4749 ut
842 4686 883 4749 de
897 4685 998 4749 libero
1012 4692 1211 4762 tenemento,
1225 4689 1260 4748 et
1273 4690 1397 4765 tenent,
1412 4705 1468 4749 seu
1484 4690 1587 4763 tenet,
1605 4687 1700 4749 modo
1716 4696 1751 4751 et

252 4783 356 4846 forma
369 4780 428 4865 qui
443 4783 611 4862 sequntur,
626 4773 789 4854 videlicet,
804 4773 891 4858 quod
902 4797 956 4840 t·-

295 4968 461 5036 Jobauuss
474 4967 592 5046 Grene,
606 4965 757 5049 armiger,
773 4967 866 5027 tenet
890 4961 1084 5025 immediate
1110 4961 1149 5024 de
1174 4978 1249 5043 rege
1272 4961 1454 5024 manerium
1469 4959 1509 5023 de
1524 4959 1749 5041 wunnerus,

253 5058 338 5142 quod
353 5077 457 5142 nuper
470 5055 537 5120 fuit
550 5053 571 5116 J
572 5052 708 5117 ohannis
721 5051 871 5135 Maudyt,
885 5070 944 5133 per
958 5069 1014 5115 nu.
1032 5047 1054 5114 i.
1070 5071 1116 5114 m.

294 5195 412 5274 alisia,
427 5214 489 5278 que
503 5193 570 5257 fuit
584 5211 664 5254 uxor
677 5190 835 5253 Johanuis
849 5187 985 5272 Reyues,
1002 5185 1132 5262 militis,
1146 5187 1239 5248 tenet
1263 5181 1455 5248 immediate
1480 5185 1567 5244 certa
1589 5185 1691 5244 terras
1716 5189 1750 5245 et

251 5285 439 5358 tenemento
451 5283 485 5346 in
501 5281 616 5348 Umor
630 5279 844 5354 Escnnauoa,
861 5296 923 5361 que
937 5294 1041 5358 nuper
1056 5273 1188 5337 suerunt
1207 5271 1337 5335 Walteri
1354 5267 1559 5345 Escudamor‚
1572 5268 1613 5331 de
1627 5270 1747 5332 comite

253 5367 430 5434 Sarisburie
444 5389 502 5454 per
516 5369 561 5432 di.
579 5367 602 5433 i.
620 5371 656 5430 et
669 5370 818 5448 quartam
832 5369 957 5453 partem
973 5382 1030 5430 un.
1047 5362 1070 5430 f.
1087 5383 1131 5429 ru.

318 5503 384 5556 6981
1667 5488 1686 5546 S
