<?xml version="1.0" encoding="UTF-8"?>
<!DOCTYPE html PUBLIC "-//W3C//DTD XHTML 1.0 Transitional//EN"
    "http://www.w3.org/TR/xhtml1/DTD/xhtml1-transitional.dtd">
<html xmlns="http://www.w3.org/1999/xhtml" xml:lang="en" lang="en">
 <head>
  <title>
</title>
<meta http-equiv="Content-Type" content="text/html;charset=utf-8" />
  <meta name='ocr-system' content='tesseract 3.04.00' />
  <meta name='ocr-capabilities' content='ocr_page ocr_carea ocr_par ocr_line ocrx_word'/>
</head>
<body>
  <div class='ocr_page' id='page_1' title='image "./inquisitionsand03offigoog_0343.png"; bbox 0 0 4092 6117; ppageno 0'>
   <div class='ocr_carea' id='block_1_1' title="bbox 917 557 1765 628">
    <p class='ocr_par' dir='ltr' id='par_1_1' title="bbox 917 557 1765 628">
     <span class='ocr_line' id='line_1_1' title="bbox 917 557 1765 628; baseline -0.005 0"><span class='ocrx_word' id='word_1_1' title='bbox 917 560 1000 628; x_wconf 67' lang='lat' dir='ltr'><strong>al).</strong></span> <span class='ocrx_word' id='word_1_2' title='bbox 1026 563 1122 628; x_wconf 79' lang='lat'>1431.</span> <span class='ocrx_word' id='word_1_3' title='bbox 1702 557 1765 624; x_wconf 78' lang='lat'><strong>327</strong></span> 
     </span>
    </p>
   </div>
   <div class='ocr_carea' id='block_1_2' title="bbox 259 848 1766 1025">
    <p class='ocr_par' dir='ltr' id='par_1_2' title="bbox 259 848 1766 1025">
     <span class='ocr_line' id='line_1_2' title="bbox 302 848 1766 941; baseline 0.001 -31"><span class='ocrx_word' id='word_1_4' title='bbox 302 848 466 916; x_wconf 88' lang='lat' dir='ltr'><strong>Johauuee</strong></span> <span class='ocrx_word' id='word_1_5' title='bbox 481 853 596 930; x_wconf 87' lang='lat' dir='ltr'><strong>che,</strong></span> <span class='ocrx_word' id='word_1_6' title='bbox 610 857 765 941; x_wconf 84' lang='lat' dir='ltr'><strong>armiger,</strong></span> <span class='ocrx_word' id='word_1_7' title='bbox 778 857 956 920; x_wconf 71' lang='lat' dir='ltr'>comitatus</span> <span class='ocrx_word' id='word_1_8' title='bbox 971 854 1156 939; x_wconf 84' lang='lat' dir='ltr'><strong>Wygornie,</strong></span> <span class='ocrx_word' id='word_1_9' title='bbox 1172 854 1213 916; x_wconf 90' lang='lat' dir='ltr'><strong>de</strong></span> <span class='ocrx_word' id='word_1_10' title='bbox 1230 854 1416 938; x_wconf 82' lang='lat' dir='ltr'><strong>Wygomia,</strong></span> <span class='ocrx_word' id='word_1_11' title='bbox 1433 856 1525 915; x_wconf 84' lang='lat' dir='ltr'><strong>tenet</strong></span> <span class='ocrx_word' id='word_1_12' title='bbox 1539 857 1643 913; x_wconf 88' lang='lat' dir='ltr'><strong>certas</strong></span> <span class='ocrx_word' id='word_1_13' title='bbox 1666 854 1766 913; x_wconf 87' lang='lat' dir='ltr'><strong>terras</strong></span> 
     </span>
     <span class='ocr_line' id='line_1_3' title="bbox 259 935 1415 1025; baseline 0.002 -22"><span class='ocrx_word' id='word_1_14' title='bbox 259 935 294 996; x_wconf 84' lang='lat' dir='ltr'><strong>in</strong></span> <span class='ocrx_word' id='word_1_15' title='bbox 308 937 587 1019; x_wconf 67' lang='lat' dir='ltr'><strong>maustauron,</strong></span> <span class='ocrx_word' id='word_1_16' title='bbox 606 942 817 1021; x_wconf 71' lang='lat' dir='ltr'><strong>Gouosoouu</strong></span> <span class='ocrx_word' id='word_1_17' title='bbox 836 943 995 1010; x_wconf 76' lang='lat' dir='ltr'><strong>Umaaor</strong></span> <span class='ocrx_word' id='word_1_18' title='bbox 1009 963 1066 1025; x_wconf 88' lang='lat' dir='ltr'><strong>per</strong></span> <span class='ocrx_word' id='word_1_19' title='bbox 1081 942 1253 1006; x_wconf 82' lang='lat' dir='ltr'><strong>servicium</strong></span> <span class='ocrx_word' id='word_1_20' title='bbox 1269 941 1314 1005; x_wconf 90' lang='lat' dir='ltr'><strong>di.</strong></span> <span class='ocrx_word' id='word_1_21' title='bbox 1331 940 1353 1003; x_wconf 86' lang='lat' dir='ltr'><strong>f.</strong></span> <span class='ocrx_word' id='word_1_22' title='bbox 1369 961 1415 1005; x_wconf 91' lang='lat' dir='ltr'><strong>m.</strong></span> 
     </span>
    </p>
   </div>
   <div class='ocr_carea' id='block_1_3' title="bbox 260 1097 1764 1279">
    <p class='ocr_par' dir='ltr' id='par_1_3' title="bbox 260 1097 1764 1279">
     <span class='ocr_line' id='line_1_4' title="bbox 301 1097 1764 1180; baseline 0.003 -21"><span class='ocrx_word' id='word_1_23' title='bbox 301 1097 408 1164; x_wconf 75' lang='lat' dir='ltr'><strong>Abbas</strong></span> <span class='ocrx_word' id='word_1_24' title='bbox 423 1100 703 1168; x_wconf 79' lang='lat' dir='ltr'><strong>westmonasterii</strong></span> <span class='ocrx_word' id='word_1_25' title='bbox 722 1110 815 1170; x_wconf 87' lang='lat' dir='ltr'><strong>tenet</strong></span> <span class='ocrx_word' id='word_1_26' title='bbox 838 1109 943 1170; x_wconf 88' lang='lat' dir='ltr'><strong>certas</strong></span> <span class='ocrx_word' id='word_1_27' title='bbox 970 1109 1073 1169; x_wconf 86' lang='lat' dir='ltr'><strong>terras</strong></span> <span class='ocrx_word' id='word_1_28' title='bbox 1099 1104 1134 1166; x_wconf 90' lang='lat' dir='ltr'><strong>iu</strong></span> <span class='ocrx_word' id='word_1_29' title='bbox 1151 1104 1387 1180; x_wconf 82' lang='lat' dir='ltr'><strong>Brasruerrsu,</strong></span> <span class='ocrx_word' id='word_1_30' title='bbox 1404 1102 1576 1178; x_wconf 81' lang='lat' dir='ltr'><strong>Dsrroau,</strong></span> <span class='ocrx_word' id='word_1_31' title='bbox 1592 1105 1629 1164; x_wconf 90' lang='lat' dir='ltr'><strong>et</strong></span> <span class='ocrx_word' id='word_1_32' title='bbox 1644 1098 1764 1166; x_wconf 80' lang='lat' dir='ltr'><strong>Wooa·</strong></span> 
     </span>
     <span class='ocr_line' id='line_1_5' title="bbox 260 1192 1056 1279; baseline 0.011 -30"><span class='ocrx_word' id='word_1_33' title='bbox 260 1203 409 1252; x_wconf 80' lang='lat' dir='ltr'><strong>usuoors</strong></span> <span class='ocrx_word' id='word_1_34' title='bbox 424 1209 483 1272; x_wconf 90' lang='lat' dir='ltr'><strong>per</strong></span> <span class='ocrx_word' id='word_1_35' title='bbox 496 1192 669 1256; x_wconf 77' lang='lat' dir='ltr'><strong>servicium</strong></span> <span class='ocrx_word' id='word_1_36' title='bbox 683 1199 797 1278; x_wconf 90' lang='lat' dir='ltr'><strong>quarte</strong></span> <span class='ocrx_word' id='word_1_37' title='bbox 813 1196 914 1278; x_wconf 83' lang='lat' dir='ltr'><strong>partis</strong></span> <span class='ocrx_word' id='word_1_38' title='bbox 928 1192 953 1279; x_wconf 84' lang='lat' dir='ltr'><strong>j.</strong></span> <span class='ocrx_word' id='word_1_39' title='bbox 970 1193 993 1255; x_wconf 84' lang='lat' dir='ltr'><strong>f.</strong></span> <span class='ocrx_word' id='word_1_40' title='bbox 1010 1213 1056 1258; x_wconf 90' lang='lat' dir='ltr'><strong>m.</strong></span> 
     </span>
    </p>
   </div>
   <div class='ocr_carea' id='block_1_4' title="bbox 257 1346 1763 1503">
    <p class='ocr_par' dir='ltr' id='par_1_4' title="bbox 257 1346 1763 1503">
     <span class='ocr_line' id='line_1_6' title="bbox 257 1346 1763 1498; baseline -0.006 -82"><span class='ocrx_word' id='word_1_41' title='bbox 257 1434 289 1497; x_wconf 39' lang='lat' dir='ltr'><strong>d·</strong></span> <span class='ocrx_word' id='word_1_42' title='bbox 300 1346 459 1498; x_wconf 43' lang='lat' dir='ltr'><strong>{ominus</strong></span> <span class='ocrx_word' id='word_1_43' title='bbox 474 1352 515 1416; x_wconf 94' lang='lat' dir='ltr'><strong>de</strong></span> <span class='ocrx_word' id='word_1_44' title='bbox 530 1352 672 1437; x_wconf 78' lang='lat' dir='ltr'><strong>clyfford</strong></span> <span class='ocrx_word' id='word_1_45' title='bbox 686 1359 781 1419; x_wconf 86' lang='lat' dir='ltr'><strong>tenet</strong></span> <span class='ocrx_word' id='word_1_46' title='bbox 794 1359 896 1419; x_wconf 86' lang='lat' dir='ltr'><strong>certas</strong></span> <span class='ocrx_word' id='word_1_47' title='bbox 911 1359 1013 1418; x_wconf 89' lang='lat' dir='ltr'><strong>terras</strong></span> <span class='ocrx_word' id='word_1_48' title='bbox 1029 1354 1063 1416; x_wconf 91' lang='lat' dir='ltr'><strong>iu</strong></span> <span class='ocrx_word' id='word_1_49' title='bbox 1079 1353 1241 1419; x_wconf 78' lang='lat' dir='ltr'><strong>Ervusou</strong></span> <span class='ocrx_word' id='word_1_50' title='bbox 1268 1357 1302 1416; x_wconf 89' lang='lat' dir='ltr'><strong>et</strong></span> <span class='ocrx_word' id='word_1_51' title='bbox 1330 1352 1485 1417; x_wconf 79' lang='lat' dir='ltr'><strong>Nssrcao</strong></span> <span class='ocrx_word' id='word_1_52' title='bbox 1509 1371 1567 1433; x_wconf 89' lang='lat' dir='ltr'><strong>per</strong></span> <span class='ocrx_word' id='word_1_53' title='bbox 1591 1346 1763 1412; x_wconf 77' lang='lat' dir='ltr'>servicium</span> 
     </span>
     <span class='ocr_line' id='line_1_7' title="bbox 279 1454 401 1503; baseline -0.033 3"><span class='ocrx_word' id='word_1_54' title='bbox 279 1454 301 1500; x_wconf 83' lang='lat'><strong>¹·</strong></span> <span class='ocrx_word' id='word_1_55' title='bbox 332 1459 401 1503; x_wconf 87' lang='lat' dir='ltr'><strong>·m.</strong></span> 
     </span>
    </p>
   </div>
   <div class='ocr_carea' id='block_1_5' title="bbox 259 1595 1765 1775">
    <p class='ocr_par' dir='ltr' id='par_1_5' title="bbox 259 1595 1765 1775">
     <span class='ocr_line' id='line_1_8' title="bbox 301 1595 1765 1687; baseline -0.002 -29"><span class='ocrx_word' id='word_1_56' title='bbox 301 1595 322 1659; x_wconf 94' lang='lat' dir='ltr'><strong>J</strong></span> <span class='ocrx_word' id='word_1_57' title='bbox 323 1595 467 1662; x_wconf 86' lang='lat' dir='ltr'><strong>ohannes</strong></span> <span class='ocrx_word' id='word_1_58' title='bbox 481 1597 669 1686; x_wconf 84' lang='lat' dir='ltr'><strong>Spe-chisley</strong></span> <span class='ocrx_word' id='word_1_59' title='bbox 685 1601 726 1665; x_wconf 93' lang='lat' dir='ltr'><strong>de</strong></span> <span class='ocrx_word' id='word_1_60' title='bbox 743 1601 940 1687; x_wconf 81' lang='lat' dir='ltr'><strong>Speohisley,</strong></span> <span class='ocrx_word' id='word_1_61' title='bbox 952 1599 1101 1686; x_wconf 78' lang='lat' dir='ltr'><strong>armiger,</strong></span> <span class='ocrx_word' id='word_1_62' title='bbox 1117 1599 1292 1662; x_wconf 75' lang='lat' dir='ltr'><strong>comitatus</strong></span> <span class='ocrx_word' id='word_1_63' title='bbox 1304 1597 1490 1684; x_wconf 85' lang='lat' dir='ltr'><strong>Wygornie,</strong></span> <span class='ocrx_word' id='word_1_64' title='bbox 1504 1599 1600 1662; x_wconf 89' lang='lat' dir='ltr'><strong>tenet</strong></span> <span class='ocrx_word' id='word_1_65' title='bbox 1613 1599 1716 1659; x_wconf 84' lang='lat' dir='ltr'><strong>certas</strong></span> <span class='ocrx_word' id='word_1_66' title='bbox 1730 1595 1765 1656; x_wconf 89' lang='lat' dir='ltr'><strong>iu</strong></span> 
     </span>
     <span class='ocr_line' id='line_1_9' title="bbox 259 1681 1291 1775; baseline 0.001 -27"><span class='ocrx_word' id='word_1_67' title='bbox 259 1681 419 1751; x_wconf 69' lang='lat' dir='ltr'><strong>Etruros</strong></span> <span class='ocrx_word' id='word_1_68' title='bbox 434 1694 469 1751; x_wconf 90' lang='lat' dir='ltr'><strong>et</strong></span> <span class='ocrx_word' id='word_1_69' title='bbox 485 1687 641 1755; x_wconf 75' lang='lat' dir='ltr'><strong>Nassoao</strong></span> <span class='ocrx_word' id='word_1_70' title='bbox 657 1710 713 1773; x_wconf 90' lang='lat' dir='ltr'><strong>per</strong></span> <span class='ocrx_word' id='word_1_71' title='bbox 728 1690 901 1754; x_wconf 87' lang='lat' dir='ltr'><strong>servicium</strong></span> <span class='ocrx_word' id='word_1_72' title='bbox 916 1694 1030 1775; x_wconf 87' lang='lat' dir='ltr'><strong>quarte</strong></span> <span class='ocrx_word' id='word_1_73' title='bbox 1047 1688 1148 1771; x_wconf 89' lang='lat' dir='ltr'><strong>partis</strong></span> <span class='ocrx_word' id='word_1_74' title='bbox 1163 1687 1187 1772; x_wconf 87' lang='lat' dir='ltr'><strong>j.</strong></span> <span class='ocrx_word' id='word_1_75' title='bbox 1203 1684 1227 1750; x_wconf 80' lang='lat' dir='ltr'><strong>f.</strong></span> <span class='ocrx_word' id='word_1_76' title='bbox 1246 1708 1291 1751; x_wconf 90' lang='lat' dir='ltr'><strong>m.</strong></span> 
     </span>
    </p>
   </div>
   <div class='ocr_carea' id='block_1_6' title="bbox 260 1841 1765 2022">
    <p class='ocr_par' dir='ltr' id='par_1_6' title="bbox 260 1841 1765 2022">
     <span class='ocr_line' id='line_1_10' title="bbox 301 1841 1765 1933; baseline -0.001 -25"><span class='ocrx_word' id='word_1_77' title='bbox 301 1841 486 1908; x_wconf 86' lang='lat' dir='ltr'><strong>Willelmus</strong></span> <span class='ocrx_word' id='word_1_78' title='bbox 501 1843 695 1922; x_wconf 90' lang='lat' dir='ltr'><strong>Wolashull,</strong></span> <span class='ocrx_word' id='word_1_79' title='bbox 709 1848 860 1933; x_wconf 89' lang='lat' dir='ltr'><strong>armiger,</strong></span> <span class='ocrx_word' id='word_1_80' title='bbox 874 1848 915 1912; x_wconf 89' lang='lat' dir='ltr'><strong>de</strong></span> <span class='ocrx_word' id='word_1_81' title='bbox 931 1849 1124 1925; x_wconf 84' lang='lat' dir='ltr'><strong>Wolashull,</strong></span> <span class='ocrx_word' id='word_1_82' title='bbox 1141 1850 1317 1912; x_wconf 83' lang='lat' dir='ltr'><strong>comitatus</strong></span> <span class='ocrx_word' id='word_1_83' title='bbox 1333 1847 1520 1932; x_wconf 84' lang='lat' dir='ltr'><strong>Wygornie,</strong></span> <span class='ocrx_word' id='word_1_84' title='bbox 1545 1851 1638 1909; x_wconf 86' lang='lat' dir='ltr'><strong>tenet</strong></span> <span class='ocrx_word' id='word_1_85' title='bbox 1661 1849 1765 1909; x_wconf 89' lang='lat' dir='ltr'><strong>certas</strong></span> 
     </span>
     <span class='ocr_line' id='line_1_11' title="bbox 260 1930 1287 2022; baseline 0.011 -32"><span class='ocrx_word' id='word_1_86' title='bbox 260 1930 358 1992; x_wconf 89' lang='lat' dir='ltr'><strong>terras</strong></span> <span class='ocrx_word' id='word_1_87' title='bbox 372 1931 407 1994; x_wconf 89' lang='lat' dir='ltr'><strong>iu</strong></span> <span class='ocrx_word' id='word_1_88' title='bbox 424 1932 636 1999; x_wconf 67' lang='lat' dir='ltr'><strong>Woasssum,</strong></span> <span class='ocrx_word' id='word_1_89' title='bbox 650 1953 708 2016; x_wconf 88' lang='lat' dir='ltr'><strong>per</strong></span> <span class='ocrx_word' id='word_1_90' title='bbox 723 1936 895 1998; x_wconf 85' lang='lat' dir='ltr'><strong>servicium</strong></span> <span class='ocrx_word' id='word_1_91' title='bbox 911 1943 1026 2018; x_wconf 88' lang='lat' dir='ltr'><strong>quarte</strong></span> <span class='ocrx_word' id='word_1_92' title='bbox 1041 1939 1145 2021; x_wconf 87' lang='lat' dir='ltr'><strong>partis</strong></span> <span class='ocrx_word' id='word_1_93' title='bbox 1160 1938 1185 2022; x_wconf 85' lang='lat' dir='ltr'><strong>j.</strong></span> <span class='ocrx_word' id='word_1_94' title='bbox 1203 1938 1225 2000; x_wconf 83' lang='lat' dir='ltr'><strong>f.</strong></span> <span class='ocrx_word' id='word_1_95' title='bbox 1243 1957 1287 2001; x_wconf 90' lang='lat' dir='ltr'><strong>m.</strong></span> 
     </span>
    </p>
   </div>
   <div class='ocr_carea' id='block_1_7' title="bbox 259 2094 1765 2271">
    <p class='ocr_par' dir='ltr' id='par_1_7' title="bbox 259 2094 1765 2271">
     <span class='ocr_line' id='line_1_12' title="bbox 304 2094 1765 2186; baseline 0.005 -35"><span class='ocrx_word' id='word_1_96' title='bbox 304 2094 486 2158; x_wconf 80' lang='lat' dir='ltr'><strong>willelmus</strong></span> <span class='ocrx_word' id='word_1_97' title='bbox 500 2096 606 2160; x_wconf 88' lang='lat' dir='ltr'><strong>Garth</strong></span> <span class='ocrx_word' id='word_1_98' title='bbox 621 2098 661 2162; x_wconf 89' lang='lat' dir='ltr'><strong>de</strong></span> <span class='ocrx_word' id='word_1_99' title='bbox 677 2099 904 2178; x_wconf 87' lang='lat' dir='ltr'><strong>Sevemestok,</strong></span> <span class='ocrx_word' id='word_1_100' title='bbox 920 2103 1071 2186; x_wconf 88' lang='lat' dir='ltr'><strong>armiger,</strong></span> <span class='ocrx_word' id='word_1_101' title='bbox 1088 2101 1265 2164; x_wconf 84' lang='lat' dir='ltr'><strong>comitatus</strong></span> <span class='ocrx_word' id='word_1_102' title='bbox 1292 2097 1445 2182; x_wconf 85' lang='lat' dir='ltr'><strong>predicti,</strong></span> <span class='ocrx_word' id='word_1_103' title='bbox 1465 2101 1559 2159; x_wconf 88' lang='lat' dir='ltr'><strong>tenet</strong></span> <span class='ocrx_word' id='word_1_104' title='bbox 1583 2095 1765 2158; x_wconf 89' lang='lat' dir='ltr'><strong>manerium</strong></span> 
     </span>
     <span class='ocr_line' id='line_1_13' title="bbox 259 2180 975 2271; baseline 0.015 -29"><span class='ocrx_word' id='word_1_105' title='bbox 259 2180 300 2243; x_wconf 89' lang='lat' dir='ltr'><strong>de</strong></span> <span class='ocrx_word' id='word_1_106' title='bbox 317 2182 575 2250; x_wconf 79' lang='lat' dir='ltr'><strong>Savaauassorrs</strong></span> <span class='ocrx_word' id='word_1_107' title='bbox 590 2207 647 2270; x_wconf 90' lang='lat' dir='ltr'><strong>per</strong></span> <span class='ocrx_word' id='word_1_108' title='bbox 662 2188 834 2251; x_wconf 85' lang='lat' dir='ltr'><strong>servicium</strong></span> <span class='ocrx_word' id='word_1_109' title='bbox 845 2188 872 2271; x_wconf 92' lang='lat' dir='ltr'><strong>j.</strong></span> <span class='ocrx_word' id='word_1_110' title='bbox 889 2187 912 2253; x_wconf 80' lang='lat' dir='ltr'><strong>f.</strong></span> <span class='ocrx_word' id='word_1_111' title='bbox 929 2209 975 2253; x_wconf 92' lang='lat' dir='ltr'><strong>m.</strong></span> 
     </span>
    </p>
   </div>
   <div class='ocr_carea' id='block_1_8' title="bbox 259 2343 1765 2499">
    <p class='ocr_par' dir='ltr' id='par_1_8' title="bbox 259 2343 1765 2499">
     <span class='ocr_line' id='line_1_14' title="bbox 259 2343 1765 2495; baseline -0.001 -86"><span class='ocrx_word' id='word_1_112' title='bbox 259 2343 417 2495; x_wconf 58' lang='lat' dir='ltr'><strong>dsspmes</strong></span> <span class='ocrx_word' id='word_1_113' title='bbox 447 2346 622 2410; x_wconf 89' lang='lat' dir='ltr'><strong>Ormoudie</strong></span> <span class='ocrx_word' id='word_1_114' title='bbox 653 2355 745 2412; x_wconf 87' lang='lat' dir='ltr'><strong>tenet</strong></span> <span class='ocrx_word' id='word_1_115' title='bbox 774 2350 955 2412; x_wconf 88' lang='lat' dir='ltr'><strong>manerium</strong></span> <span class='ocrx_word' id='word_1_116' title='bbox 984 2350 1025 2413; x_wconf 91' lang='lat' dir='ltr'><strong>de</strong></span> <span class='ocrx_word' id='word_1_117' title='bbox 1055 2350 1244 2415; x_wconf 81' lang='lat' dir='ltr'><strong>Nawausorv</strong></span> <span class='ocrx_word' id='word_1_118' title='bbox 1275 2349 1480 2414; x_wconf 77' lang='lat' dir='ltr'><strong>Basucnrus</strong></span> <span class='ocrx_word' id='word_1_119' title='bbox 1510 2367 1567 2429; x_wconf 94' lang='lat' dir='ltr'><strong>per</strong></span> <span class='ocrx_word' id='word_1_120' title='bbox 1592 2345 1765 2408; x_wconf 85' lang='lat' dir='ltr'><strong>servicium</strong></span> 
     </span>
     <span class='ocr_line' id='line_1_15' title="bbox 282 2453 404 2499; baseline 0.033 -4"><span class='ocrx_word' id='word_1_121' title='bbox 282 2453 304 2496; x_wconf 89' lang='lat'><strong>1.</strong></span> <span class='ocrx_word' id='word_1_122' title='bbox 334 2455 404 2499; x_wconf 92' lang='lat' dir='ltr'><strong>.m.</strong></span> 
     </span>
    </p>
   </div>
   <div class='ocr_carea' id='block_1_9' title="bbox 260 2595 1767 2770">
    <p class='ocr_par' dir='ltr' id='par_1_9' title="bbox 260 2595 1767 2770">
     <span class='ocr_line' id='line_1_16' title="bbox 304 2595 1767 2683; baseline -0.001 -25"><span class='ocrx_word' id='word_1_123' title='bbox 304 2595 449 2681; x_wconf 86' lang='lat' dir='ltr'><strong>Rogerus</strong></span> <span class='ocrx_word' id='word_1_124' title='bbox 464 2595 639 2682; x_wconf 81' lang='lat' dir='ltr'><strong>Aldebury,</strong></span> <span class='ocrx_word' id='word_1_125' title='bbox 652 2599 801 2682; x_wconf 88' lang='lat' dir='ltr'><strong>armiger,</strong></span> <span class='ocrx_word' id='word_1_126' title='bbox 827 2600 1004 2662; x_wconf 89' lang='lat' dir='ltr'><strong>comitatus</strong></span> <span class='ocrx_word' id='word_1_127' title='bbox 1035 2599 1217 2683; x_wconf 82' lang='lat' dir='ltr'><strong>Wygornie,</strong></span> <span class='ocrx_word' id='word_1_128' title='bbox 1243 2600 1283 2662; x_wconf 87' lang='lat' dir='ltr'><strong>dc</strong></span> <span class='ocrx_word' id='word_1_129' title='bbox 1308 2596 1653 2672; x_wconf 81' lang='lat' dir='ltr'><strong>Shirrsvesueventon,</strong></span> <span class='ocrx_word' id='word_1_130' title='bbox 1674 2599 1767 2657; x_wconf 89' lang='lat' dir='ltr'><strong>tenet</strong></span> 
     </span>
     <span class='ocr_line' id='line_1_17' title="bbox 260 2684 1571 2770; baseline 0.002 -24"><span class='ocrx_word' id='word_1_131' title='bbox 260 2691 365 2746; x_wconf 86' lang='lat' dir='ltr'><strong>certas</strong></span> <span class='ocrx_word' id='word_1_132' title='bbox 380 2690 479 2748; x_wconf 87' lang='lat' dir='ltr'><strong>terras</strong></span> <span class='ocrx_word' id='word_1_133' title='bbox 493 2686 527 2746; x_wconf 90' lang='lat' dir='ltr'><strong>in</strong></span> <span class='ocrx_word' id='word_1_134' title='bbox 546 2685 917 2752; x_wconf 79' lang='lat' dir='ltr'><strong>Sstaaevasrvawaurorv</strong></span> <span class='ocrx_word' id='word_1_135' title='bbox 932 2707 989 2770; x_wconf 87' lang='lat' dir='ltr'><strong>per</strong></span> <span class='ocrx_word' id='word_1_136' title='bbox 1005 2687 1179 2750; x_wconf 89' lang='lat' dir='ltr'><strong>servicium</strong></span> <span class='ocrx_word' id='word_1_137' title='bbox 1196 2691 1312 2770; x_wconf 84' lang='lat' dir='ltr'><strong>quarte</strong></span> <span class='ocrx_word' id='word_1_138' title='bbox 1327 2685 1431 2768; x_wconf 86' lang='lat' dir='ltr'><strong>partis</strong></span> <span class='ocrx_word' id='word_1_139' title='bbox 1446 2685 1471 2769; x_wconf 83' lang='lat' dir='ltr'><strong>j.</strong></span> <span class='ocrx_word' id='word_1_140' title='bbox 1487 2684 1510 2747; x_wconf 82' lang='lat' dir='ltr'><strong>i.</strong></span> <span class='ocrx_word' id='word_1_141' title='bbox 1527 2705 1571 2748; x_wconf 93' lang='lat' dir='ltr'><strong>m.</strong></span> 
     </span>
    </p>
   </div>
   <div class='ocr_carea' id='block_1_10' title="bbox 303 2840 1693 2927">
    <p class='ocr_par' dir='ltr' id='par_1_10' title="bbox 303 2840 1693 2927">
     <span class='ocr_line' id='line_1_18' title="bbox 303 2840 1693 2927; baseline 0 -25"><span class='ocrx_word' id='word_1_142' title='bbox 303 2841 377 2904; x_wconf 86' lang='lat' dir='ltr'><strong>Dux</strong></span> <span class='ocrx_word' id='word_1_143' title='bbox 392 2840 618 2906; x_wconf 82' lang='lat' dir='ltr'><strong>Northiolchie</strong></span> <span class='ocrx_word' id='word_1_144' title='bbox 634 2849 728 2906; x_wconf 86' lang='lat' dir='ltr'><strong>tenet</strong></span> <span class='ocrx_word' id='word_1_145' title='bbox 742 2845 925 2908; x_wconf 89' lang='lat' dir='ltr'><strong>manerium</strong></span> <span class='ocrx_word' id='word_1_146' title='bbox 940 2845 981 2909; x_wconf 92' lang='lat' dir='ltr'><strong>de</strong></span> <span class='ocrx_word' id='word_1_147' title='bbox 998 2845 1133 2910; x_wconf 72' lang='lat' dir='ltr'><strong>Panum</strong></span> <span class='ocrx_word' id='word_1_148' title='bbox 1150 2846 1268 2910; x_wconf 82' lang='lat' dir='ltr'><strong>Noars</strong></span> <span class='ocrx_word' id='word_1_149' title='bbox 1285 2863 1341 2927; x_wconf 90' lang='lat' dir='ltr'><strong>per</strong></span> <span class='ocrx_word' id='word_1_150' title='bbox 1357 2842 1529 2904; x_wconf 88' lang='lat' dir='ltr'><strong>servicium</strong></span> <span class='ocrx_word' id='word_1_151' title='bbox 1546 2841 1591 2905; x_wconf 90' lang='lat' dir='ltr'><strong>di.</strong></span> <span class='ocrx_word' id='word_1_152' title='bbox 1608 2840 1631 2904; x_wconf 88' lang='lat' dir='ltr'><strong>f.</strong></span> <span class='ocrx_word' id='word_1_153' title='bbox 1647 2859 1693 2904; x_wconf 91' lang='lat' dir='ltr'><strong>m.</strong></span> 
     </span>
    </p>
   </div>
   <div class='ocr_carea' id='block_1_11' title="bbox 260 3001 1766 3177">
    <p class='ocr_par' dir='ltr' id='par_1_11' title="bbox 260 3001 1766 3177">
     <span class='ocr_line' id='line_1_19' title="bbox 265 3001 1766 3155; baseline -0.001 -89"><span class='ocrx_word' id='word_1_154' title='bbox 265 3091 272 3106; x_wconf 33' lang='lat'>⁸</span> <span class='ocrx_word' id='word_1_155' title='bbox 300 3004 443 3155; x_wconf 54' lang='lat' dir='ltr'><strong>pomino</strong></span> <span class='ocrx_word' id='word_1_156' title='bbox 456 3005 498 3068; x_wconf 95' lang='lat' dir='ltr'><strong>de</strong></span> <span class='ocrx_word' id='word_1_157' title='bbox 513 3002 652 3089; x_wconf 80' lang='lat' dir='ltr'><strong>Clopton</strong></span> <span class='ocrx_word' id='word_1_158' title='bbox 668 3010 758 3069; x_wconf 89' lang='lat' dir='ltr'><strong>tenet</strong></span> <span class='ocrx_word' id='word_1_159' title='bbox 772 3011 879 3070; x_wconf 88' lang='lat' dir='ltr'><strong>certas</strong></span> <span class='ocrx_word' id='word_1_160' title='bbox 894 3010 996 3069; x_wconf 88' lang='lat' dir='ltr'><strong>terras</strong></span> <span class='ocrx_word' id='word_1_161' title='bbox 1012 3006 1047 3068; x_wconf 90' lang='lat' dir='ltr'><strong>in</strong></span> <span class='ocrx_word' id='word_1_162' title='bbox 1063 3006 1238 3072; x_wconf 79' lang='lat' dir='ltr'><strong>Fusuomr</strong></span> <span class='ocrx_word' id='word_1_163' title='bbox 1264 3025 1322 3090; x_wconf 92' lang='lat' dir='ltr'><strong>per</strong></span> <span class='ocrx_word' id='word_1_164' title='bbox 1347 3004 1521 3069; x_wconf 89' lang='lat' dir='ltr'><strong>servicium</strong></span> <span class='ocrx_word' id='word_1_165' title='bbox 1537 3003 1635 3068; x_wconf 85' lang='lat' dir='ltr'><strong>tercie</strong></span> <span class='ocrx_word' id='word_1_166' title='bbox 1661 3001 1766 3086; x_wconf 90' lang='lat' dir='ltr'><strong>partis</strong></span> 
     </span>
     <span class='ocr_line' id='line_1_20' title="bbox 260 3112 385 3177; baseline 0 -21"><span class='ocrx_word' id='word_1_167' title='bbox 260 3112 285 3177; x_wconf 84' lang='lat' dir='ltr'><strong>J.</strong></span> <span class='ocrx_word' id='word_1_168' title='bbox 315 3113 385 3156; x_wconf 93' lang='lat' dir='ltr'><strong>.m.</strong></span> 
     </span>
    </p>
   </div>
   <div class='ocr_carea' id='block_1_12' title="bbox 169 3254 1767 3432">
    <p class='ocr_par' dir='ltr' id='par_1_12' title="bbox 169 3254 1767 3432">
     <span class='ocr_line' id='line_1_21' title="bbox 302 3254 1767 3340; baseline 0.001 -24"><span class='ocrx_word' id='word_1_169' title='bbox 302 3255 488 3319; x_wconf 88' lang='lat' dir='ltr'><strong>Willelmus</strong></span> <span class='ocrx_word' id='word_1_170' title='bbox 513 3255 615 3332; x_wconf 90' lang='lat' dir='ltr'><strong>Paris,</strong></span> <span class='ocrx_word' id='word_1_171' title='bbox 638 3257 790 3340; x_wconf 88' lang='lat' dir='ltr'><strong>armiger,</strong></span> <span class='ocrx_word' id='word_1_172' title='bbox 819 3255 860 3318; x_wconf 88' lang='lat' dir='ltr'><strong>de</strong></span> <span class='ocrx_word' id='word_1_173' title='bbox 890 3254 1100 3334; x_wconf 81' lang='lat' dir='ltr'><strong>Comberton,</strong></span> <span class='ocrx_word' id='word_1_174' title='bbox 1127 3257 1303 3320; x_wconf 82' lang='lat' dir='ltr'><strong>comitatus</strong></span> <span class='ocrx_word' id='word_1_175' title='bbox 1330 3256 1518 3340; x_wconf 89' lang='lat' dir='ltr'><strong>Wygornie,</strong></span> <span class='ocrx_word' id='word_1_176' title='bbox 1546 3259 1638 3318; x_wconf 85' lang='lat' dir='ltr'><strong>tenet</strong></span> <span class='ocrx_word' id='word_1_177' title='bbox 1663 3258 1767 3317; x_wconf 90' lang='lat' dir='ltr'><strong>certas</strong></span> 
     </span>
     <span class='ocr_line' id='line_1_22' title="bbox 169 3342 1166 3432; baseline 0.002 -26"><span class='ocrx_word' id='word_1_178' title='bbox 169 3425 173 3432; x_wconf 25' lang='grc' dir='ltr'>Ι</span> <span class='ocrx_word' id='word_1_179' title='bbox 261 3359 361 3414; x_wconf 78' lang='lat' dir='ltr'><strong>cemus</strong></span> <span class='ocrx_word' id='word_1_180' title='bbox 376 3345 411 3407; x_wconf 90' lang='lat' dir='ltr'><strong>iu</strong></span> <span class='ocrx_word' id='word_1_181' title='bbox 427 3343 548 3407; x_wconf 78' lang='lat' dir='ltr'><strong>Mservs</strong></span> <span class='ocrx_word' id='word_1_182' title='bbox 564 3342 766 3409; x_wconf 78' lang='lat' dir='ltr'><strong>Couaaarorv</strong></span> <span class='ocrx_word' id='word_1_183' title='bbox 781 3363 839 3426; x_wconf 89' lang='lat' dir='ltr'><strong>per</strong></span> <span class='ocrx_word' id='word_1_184' title='bbox 852 3345 1026 3407; x_wconf 90' lang='lat' dir='ltr'><strong>servicium</strong></span> <span class='ocrx_word' id='word_1_185' title='bbox 1040 3344 1065 3429; x_wconf 83' lang='lat' dir='ltr'><strong>j.</strong></span> <span class='ocrx_word' id='word_1_186' title='bbox 1082 3344 1104 3406; x_wconf 80' lang='lat' dir='ltr'><strong>i.</strong></span> <span class='ocrx_word' id='word_1_187' title='bbox 1121 3365 1166 3409; x_wconf 92' lang='lat' dir='ltr'><strong>m.</strong></span> 
     </span>
    </p>
   </div>
   <div class='ocr_carea' id='block_1_13' title="bbox 261 3501 1765 3658">
    <p class='ocr_par' dir='ltr' id='par_1_13' title="bbox 261 3501 1765 3658">
     <span class='ocr_line' id='line_1_23' title="bbox 261 3501 1765 3655; baseline 0.001 -88"><span class='ocrx_word' id='word_1_188' title='bbox 261 3503 415 3655; x_wconf 51' lang='lat' dir='ltr'><strong>&amp;05¹³OE</strong></span> <span class='ocrx_word' id='word_1_189' title='bbox 442 3502 483 3566; x_wconf 94' lang='lat' dir='ltr'><strong>de</strong></span> <span class='ocrx_word' id='word_1_190' title='bbox 514 3501 658 3565; x_wconf 90' lang='lat' dir='ltr'><strong>Ormond</strong></span> <span class='ocrx_word' id='word_1_191' title='bbox 683 3508 776 3567; x_wconf 88' lang='lat' dir='ltr'><strong>tenet</strong></span> <span class='ocrx_word' id='word_1_192' title='bbox 799 3507 904 3568; x_wconf 88' lang='lat' dir='ltr'><strong>certas</strong></span> <span class='ocrx_word' id='word_1_193' title='bbox 927 3510 1028 3566; x_wconf 85' lang='lat' dir='ltr'><strong>terras</strong></span> <span class='ocrx_word' id='word_1_194' title='bbox 1055 3503 1090 3565; x_wconf 86' lang='lat' dir='ltr'><strong>iu</strong></span> <span class='ocrx_word' id='word_1_195' title='bbox 1117 3503 1231 3570; x_wconf 79' lang='lat' dir='ltr'><strong>Ursou</strong></span> <span class='ocrx_word' id='word_1_196' title='bbox 1263 3504 1480 3571; x_wconf 80' lang='lat' dir='ltr'><strong>Suooasauav</strong></span> <span class='ocrx_word' id='word_1_197' title='bbox 1507 3524 1563 3587; x_wconf 90' lang='lat' dir='ltr'><strong>per</strong></span> <span class='ocrx_word' id='word_1_198' title='bbox 1589 3506 1765 3570; x_wconf 88' lang='lat' dir='ltr'><strong>servicium</strong></span> 
     </span>
     <span class='ocr_line' id='line_1_24' title="bbox 283 3612 407 3658; baseline 0.024 -4"><span class='ocrx_word' id='word_1_199' title='bbox 283 3612 306 3655; x_wconf 89' lang='lat'><strong>1.</strong></span> <span class='ocrx_word' id='word_1_200' title='bbox 337 3612 407 3658; x_wconf 90' lang='lat' dir='ltr'><strong>.m.</strong></span> 
     </span>
    </p>
   </div>
   <div class='ocr_carea' id='block_1_14' title="bbox 263 3749 1767 3922">
    <p class='ocr_par' dir='ltr' id='par_1_14' title="bbox 263 3749 1767 3922">
     <span class='ocr_line' id='line_1_25' title="bbox 304 3749 1767 3837; baseline 0.003 -21"><span class='ocrx_word' id='word_1_201' title='bbox 304 3752 422 3836; x_wconf 81' lang='lat' dir='ltr'><strong>Guydo</strong></span> <span class='ocrx_word' id='word_1_202' title='bbox 446 3749 690 3836; x_wconf 87' lang='lat' dir='ltr'><strong>Whittyugtou,</strong></span> <span class='ocrx_word' id='word_1_203' title='bbox 716 3751 869 3837; x_wconf 90' lang='lat' dir='ltr'><strong>armiger,</strong></span> <span class='ocrx_word' id='word_1_204' title='bbox 893 3753 1068 3816; x_wconf 87' lang='lat' dir='ltr'><strong>comitatus</strong></span> <span class='ocrx_word' id='word_1_205' title='bbox 1099 3753 1314 3832; x_wconf 87' lang='lat' dir='ltr'><strong>Glouceatrie,</strong></span> <span class='ocrx_word' id='word_1_206' title='bbox 1347 3758 1438 3818; x_wconf 89' lang='lat' dir='ltr'><strong>tenet</strong></span> <span class='ocrx_word' id='word_1_207' title='bbox 1467 3757 1572 3818; x_wconf 85' lang='lat' dir='ltr'><strong>certas</strong></span> <span class='ocrx_word' id='word_1_208' title='bbox 1602 3761 1703 3820; x_wconf 89' lang='lat' dir='ltr'><strong>terras</strong></span> <span class='ocrx_word' id='word_1_209' title='bbox 1733 3757 1767 3821; x_wconf 91' lang='lat' dir='ltr'><strong>in</strong></span> 
     </span>
     <span class='ocr_line' id='line_1_26' title="bbox 263 3839 1168 3922; baseline 0 -15"><span class='ocrx_word' id='word_1_210' title='bbox 263 3840 436 3908; x_wconf 78' lang='lat' dir='ltr'><strong>Srsurvrou</strong></span> <span class='ocrx_word' id='word_1_211' title='bbox 451 3846 486 3903; x_wconf 89' lang='lat' dir='ltr'><strong>et</strong></span> <span class='ocrx_word' id='word_1_212' title='bbox 500 3840 643 3906; x_wconf 75' lang='lat' dir='ltr'><strong>Moesos</strong></span> <span class='ocrx_word' id='word_1_213' title='bbox 659 3841 747 3905; x_wconf 84' lang='lat' dir='ltr'><strong>Bam</strong></span> <span class='ocrx_word' id='word_1_214' title='bbox 761 3859 817 3922; x_wconf 92' lang='lat' dir='ltr'><strong>per</strong></span> <span class='ocrx_word' id='word_1_215' title='bbox 832 3841 1006 3904; x_wconf 87' lang='lat' dir='ltr'><strong>servicium</strong></span> <span class='ocrx_word' id='word_1_216' title='bbox 1022 3841 1068 3904; x_wconf 88' lang='lat' dir='ltr'><strong>di.</strong></span> <span class='ocrx_word' id='word_1_217' title='bbox 1084 3839 1107 3905; x_wconf 83' lang='lat' dir='ltr'><strong>f.</strong></span> <span class='ocrx_word' id='word_1_218' title='bbox 1123 3862 1168 3906; x_wconf 92' lang='lat' dir='ltr'><strong>m.</strong></span> 
     </span>
    </p>
   </div>
   <div class='ocr_carea' id='block_1_15' title="bbox 261 3999 1765 4173">
    <p class='ocr_par' dir='ltr' id='par_1_15' title="bbox 261 3999 1765 4173">
     <span class='ocr_line' id='line_1_27' title="bbox 305 3999 1765 4084; baseline 0 -16"><span class='ocrx_word' id='word_1_219' title='bbox 305 4002 419 4069; x_wconf 87' lang='lat' dir='ltr'><strong>Sibilla</strong></span> <span class='ocrx_word' id='word_1_220' title='bbox 447 4002 488 4066; x_wconf 89' lang='lat' dir='ltr'><strong>de</strong></span> <span class='ocrx_word' id='word_1_221' title='bbox 517 4002 550 4064; x_wconf 86' lang='lat' dir='ltr'><strong>la</strong></span> <span class='ocrx_word' id='word_1_222' title='bbox 580 3999 659 4064; x_wconf 89' lang='lat' dir='ltr'><strong>Bere</strong></span> <span class='ocrx_word' id='word_1_223' title='bbox 687 4001 864 4065; x_wconf 90' lang='lat' dir='ltr'><strong>comitatus</strong></span> <span class='ocrx_word' id='word_1_224' title='bbox 894 4000 1045 4083; x_wconf 88' lang='lat' dir='ltr'><strong>predicti,</strong></span> <span class='ocrx_word' id='word_1_225' title='bbox 1076 3999 1318 4084; x_wconf 79' lang='lat' dir='ltr'><strong>sengilvomau,</strong></span> <span class='ocrx_word' id='word_1_226' title='bbox 1344 4005 1435 4065; x_wconf 90' lang='lat' dir='ltr'><strong>tenet</strong></span> <span class='ocrx_word' id='word_1_227' title='bbox 1467 4009 1571 4068; x_wconf 86' lang='lat' dir='ltr'><strong>certas</strong></span> <span class='ocrx_word' id='word_1_228' title='bbox 1597 4011 1705 4069; x_wconf 88' lang='lat' dir='ltr'><strong>terras</strong></span> <span class='ocrx_word' id='word_1_229' title='bbox 1732 4007 1765 4068; x_wconf 89' lang='lat' dir='ltr'><strong>iu</strong></span> 
     </span>
     <span class='ocr_line' id='line_1_28' title="bbox 261 4087 930 4173; baseline -0.007 -14"><span class='ocrx_word' id='word_1_230' title='bbox 261 4092 402 4159; x_wconf 78' lang='lat' dir='ltr'><strong>Moarou</strong></span> <span class='ocrx_word' id='word_1_231' title='bbox 418 4091 507 4156; x_wconf 81' lang='lat' dir='ltr'><strong>Brun</strong></span> <span class='ocrx_word' id='word_1_232' title='bbox 521 4108 578 4173; x_wconf 88' lang='lat' dir='ltr'><strong>per</strong></span> <span class='ocrx_word' id='word_1_233' title='bbox 593 4087 766 4152; x_wconf 88' lang='lat' dir='ltr'><strong>servicium</strong></span> <span class='ocrx_word' id='word_1_234' title='bbox 781 4087 827 4152; x_wconf 91' lang='lat' dir='ltr'><strong>di.</strong></span> <span class='ocrx_word' id='word_1_235' title='bbox 843 4087 867 4152; x_wconf 84' lang='lat' dir='ltr'><strong>i.</strong></span> <span class='ocrx_word' id='word_1_236' title='bbox 884 4109 930 4154; x_wconf 90' lang='lat' dir='ltr'><strong>m.</strong></span> 
     </span>
    </p>
   </div>
   <div class='ocr_carea' id='block_1_16' title="bbox 262 4250 1767 4424">
    <p class='ocr_par' dir='ltr' id='par_1_16' title="bbox 262 4250 1767 4424">
     <span class='ocr_line' id='line_1_29' title="bbox 303 4250 1767 4337; baseline -0.003 -13"><span class='ocrx_word' id='word_1_237' title='bbox 303 4255 487 4325; x_wconf 89' lang='lat' dir='ltr'><strong>Willelmus</strong></span> <span class='ocrx_word' id='word_1_238' title='bbox 503 4253 605 4337; x_wconf 86' lang='lat' dir='ltr'><strong>Bracy</strong></span> <span class='ocrx_word' id='word_1_239' title='bbox 620 4252 661 4315; x_wconf 90' lang='lat' dir='ltr'><strong>de</strong></span> <span class='ocrx_word' id='word_1_240' title='bbox 676 4250 906 4330; x_wconf 87' lang='lat' dir='ltr'><strong>Maderesfeld,</strong></span> <span class='ocrx_word' id='word_1_241' title='bbox 923 4253 1077 4337; x_wconf 86' lang='lat' dir='ltr'><strong>armiger,</strong></span> <span class='ocrx_word' id='word_1_242' title='bbox 1089 4252 1265 4315; x_wconf 88' lang='lat' dir='ltr'><strong>comitatus</strong></span> <span class='ocrx_word' id='word_1_243' title='bbox 1280 4250 1465 4334; x_wconf 85' lang='lat' dir='ltr'><strong>Wygornie,</strong></span> <span class='ocrx_word' id='word_1_244' title='bbox 1476 4255 1569 4317; x_wconf 87' lang='lat' dir='ltr'><strong>tenet</strong></span> <span class='ocrx_word' id='word_1_245' title='bbox 1586 4257 1767 4326; x_wconf 88' lang='lat' dir='ltr'><strong>manerium</strong></span> 
     </span>
     <span class='ocr_line' id='line_1_30' title="bbox 262 4338 983 4424; baseline -0.007 -15"><span class='ocrx_word' id='word_1_246' title='bbox 262 4346 301 4409; x_wconf 94' lang='lat' dir='ltr'><strong>de</strong></span> <span class='ocrx_word' id='word_1_247' title='bbox 314 4345 566 4411; x_wconf 74' lang='lat' dir='ltr'><strong>Maesessum&gt;</strong></span> <span class='ocrx_word' id='word_1_248' title='bbox 581 4361 637 4424; x_wconf 90' lang='lat' dir='ltr'><strong>per</strong></span> <span class='ocrx_word' id='word_1_249' title='bbox 651 4341 823 4405; x_wconf 90' lang='lat' dir='ltr'><strong>servicium</strong></span> <span class='ocrx_word' id='word_1_250' title='bbox 838 4339 882 4402; x_wconf 93' lang='lat' dir='ltr'><strong>di.</strong></span> <span class='ocrx_word' id='word_1_251' title='bbox 898 4338 921 4403; x_wconf 84' lang='lat' dir='ltr'><strong>f.</strong></span> <span class='ocrx_word' id='word_1_252' title='bbox 937 4360 983 4404; x_wconf 92' lang='lat' dir='ltr'><strong>m.</strong></span> 
     </span>
    </p>
   </div>
   <div class='ocr_carea' id='block_1_17' title="bbox 262 4499 1768 4675">
    <p class='ocr_par' dir='ltr' id='par_1_17' title="bbox 262 4499 1768 4675">
     <span class='ocr_line' id='line_1_31' title="bbox 303 4499 1768 4585; baseline -0.001 -18"><span class='ocrx_word' id='word_1_253' title='bbox 303 4504 462 4568; x_wconf 85' lang='lat' dir='ltr'><strong>Katerina</strong></span> <span class='ocrx_word' id='word_1_254' title='bbox 477 4501 687 4585; x_wconf 85' lang='lat' dir='ltr'><strong>Beauchamp</strong></span> <span class='ocrx_word' id='word_1_255' title='bbox 701 4501 742 4565; x_wconf 88' lang='lat' dir='ltr'><strong>de</strong></span> <span class='ocrx_word' id='word_1_256' title='bbox 759 4499 911 4584; x_wconf 83' lang='lat' dir='ltr'><strong>Poywyk,</strong></span> <span class='ocrx_word' id='word_1_257' title='bbox 920 4501 1029 4580; x_wconf 89' lang='lat' dir='ltr'><strong>vidua,</strong></span> <span class='ocrx_word' id='word_1_258' title='bbox 1045 4501 1222 4564; x_wconf 82' lang='lat' dir='ltr'><strong>comitatus</strong></span> <span class='ocrx_word' id='word_1_259' title='bbox 1236 4500 1422 4585; x_wconf 88' lang='lat' dir='ltr'><strong>Wygomie‚</strong></span> <span class='ocrx_word' id='word_1_260' title='bbox 1440 4505 1532 4565; x_wconf 87' lang='lat' dir='ltr'><strong>tenet</strong></span> <span class='ocrx_word' id='word_1_261' title='bbox 1548 4507 1652 4566; x_wconf 86' lang='lat' dir='ltr'><strong>certas</strong></span> <span class='ocrx_word' id='word_1_262' title='bbox 1667 4508 1768 4566; x_wconf 87' lang='lat' dir='ltr'><strong>terras</strong></span> 
     </span>
     <span class='ocr_line' id='line_1_32' title="bbox 262 4589 853 4675; baseline -0.003 -19"><span class='ocrx_word' id='word_1_263' title='bbox 262 4596 296 4656; x_wconf 86' lang='lat' dir='ltr'><strong>in</strong></span> <span class='ocrx_word' id='word_1_264' title='bbox 313 4593 453 4660; x_wconf 75' lang='lat' dir='ltr'><strong>Poma</strong></span> <span class='ocrx_word' id='word_1_265' title='bbox 467 4611 525 4675; x_wconf 89' lang='lat' dir='ltr'><strong>per</strong></span> <span class='ocrx_word' id='word_1_266' title='bbox 538 4591 711 4654; x_wconf 90' lang='lat' dir='ltr'><strong>servicium</strong></span> <span class='ocrx_word' id='word_1_267' title='bbox 726 4589 751 4675; x_wconf 86' lang='lat' dir='ltr'><strong>j.</strong></span> <span class='ocrx_word' id='word_1_268' title='bbox 766 4589 790 4654; x_wconf 82' lang='lat' dir='ltr'><strong>i.</strong></span> <span class='ocrx_word' id='word_1_269' title='bbox 808 4611 853 4654; x_wconf 93' lang='lat' dir='ltr'><strong>m.</strong></span> 
     </span>
    </p>
   </div>
   <div class='ocr_carea' id='block_1_18' title="bbox 263 4749 1766 4925">
    <p class='ocr_par' dir='ltr' id='par_1_18' title="bbox 263 4749 1766 4925">
     <span class='ocr_line' id='line_1_33' title="bbox 307 4749 1766 4838; baseline -0.002 -19"><span class='ocrx_word' id='word_1_270' title='bbox 307 4755 467 4819; x_wconf 85' lang='lat' dir='ltr'><strong>Robertus</strong></span> <span class='ocrx_word' id='word_1_271' title='bbox 482 4752 621 4829; x_wconf 86' lang='lat' dir='ltr'><strong>Russell,</strong></span> <span class='ocrx_word' id='word_1_272' title='bbox 635 4753 790 4838; x_wconf 88' lang='lat' dir='ltr'><strong>armiger,</strong></span> <span class='ocrx_word' id='word_1_273' title='bbox 806 4752 982 4814; x_wconf 87' lang='lat' dir='ltr'><strong>comitatus</strong></span> <span class='ocrx_word' id='word_1_274' title='bbox 997 4751 1185 4834; x_wconf 86' lang='lat' dir='ltr'><strong>Wygornie,</strong></span> <span class='ocrx_word' id='word_1_275' title='bbox 1201 4751 1243 4813; x_wconf 92' lang='lat' dir='ltr'><strong>de</strong></span> <span class='ocrx_word' id='word_1_276' title='bbox 1270 4749 1439 4833; x_wconf 88' lang='lat' dir='ltr'><strong>Pepyltou,</strong></span> <span class='ocrx_word' id='word_1_277' title='bbox 1465 4756 1558 4814; x_wconf 87' lang='lat' dir='ltr'><strong>tenet</strong></span> <span class='ocrx_word' id='word_1_278' title='bbox 1584 4753 1766 4816; x_wconf 87' lang='lat' dir='ltr'><strong>manerium</strong></span> 
     </span>
     <span class='ocr_line' id='line_1_34' title="bbox 263 4838 1134 4925; baseline -0.005 -19"><span class='ocrx_word' id='word_1_279' title='bbox 263 4843 304 4906; x_wconf 88' lang='lat' dir='ltr'><strong>de</strong></span> <span class='ocrx_word' id='word_1_280' title='bbox 319 4843 485 4908; x_wconf 76' lang='lat' dir='ltr'><strong>Parmrou</strong></span> <span class='ocrx_word' id='word_1_281' title='bbox 501 4861 558 4925; x_wconf 87' lang='lat' dir='ltr'><strong>per</strong></span> <span class='ocrx_word' id='word_1_282' title='bbox 572 4841 745 4920; x_wconf 85' lang='lat' dir='ltr'><strong>servicium</strong></span> <span class='ocrx_word' id='word_1_283' title='bbox 760 4845 876 4924; x_wconf 86' lang='lat' dir='ltr'><strong>quarte</strong></span> <span class='ocrx_word' id='word_1_284' title='bbox 888 4839 994 4920; x_wconf 87' lang='lat' dir='ltr'><strong>partis</strong></span> <span class='ocrx_word' id='word_1_285' title='bbox 1007 4838 1032 4923; x_wconf 85' lang='lat' dir='ltr'><strong>j.</strong></span> <span class='ocrx_word' id='word_1_286' title='bbox 1047 4838 1071 4902; x_wconf 88' lang='lat' dir='ltr'><strong>f.</strong></span> <span class='ocrx_word' id='word_1_287' title='bbox 1088 4858 1134 4902; x_wconf 92' lang='lat' dir='ltr'><strong>m.</strong></span> 
     </span>
    </p>
   </div>
   <div class='ocr_carea' id='block_1_19' title="bbox 308 5003 1655 5412">
    <p class='ocr_par' dir='ltr' id='par_1_19' title="bbox 308 5003 1655 5412">
     <span class='ocr_line' id='line_1_35' title="bbox 308 5003 1655 5089; baseline -0.005 -20"><span class='ocrx_word' id='word_1_288' title='bbox 308 5003 421 5069; x_wconf 86' lang='lat' dir='ltr'><strong>Comes</strong></span> <span class='ocrx_word' id='word_1_289' title='bbox 433 5003 620 5072; x_wconf 78' lang='lat' dir='ltr'><strong>Warrewici</strong></span> <span class='ocrx_word' id='word_1_290' title='bbox 634 5007 727 5067; x_wconf 90' lang='lat' dir='ltr'><strong>tenet</strong></span> <span class='ocrx_word' id='word_1_291' title='bbox 740 5005 922 5068; x_wconf 89' lang='lat' dir='ltr'><strong>manerium</strong></span> <span class='ocrx_word' id='word_1_292' title='bbox 939 5005 979 5068; x_wconf 91' lang='lat' dir='ltr'><strong>de</strong></span> <span class='ocrx_word' id='word_1_293' title='bbox 995 5005 1195 5070; x_wconf 80' lang='lat' dir='ltr'><strong>Bvssnauav</strong></span> <span class='ocrx_word' id='word_1_294' title='bbox 1211 5023 1267 5086; x_wconf 91' lang='lat' dir='ltr'><strong>per</strong></span> <span class='ocrx_word' id='word_1_295' title='bbox 1282 5005 1455 5066; x_wconf 90' lang='lat' dir='ltr'><strong>servicium</strong></span> <span class='ocrx_word' id='word_1_296' title='bbox 1469 5004 1494 5089; x_wconf 84' lang='lat' dir='ltr'><strong>j.</strong></span> <span class='ocrx_word' id='word_1_297' title='bbox 1510 5004 1533 5068; x_wconf 80' lang='lat' dir='ltr'><strong>f.</strong></span> <span class='ocrx_word' id='word_1_298' title='bbox 1550 5025 1596 5070; x_wconf 91' lang='lat' dir='ltr'><strong>m.</strong></span> <span class='ocrx_word' id='word_1_299' title='bbox 1651 5051 1655 5062; x_wconf 93' lang='lat'>.</span> 
     </span>
     <span class='ocr_line' id='line_1_36' title="bbox 308 5165 1397 5250; baseline 0 -22"><span class='ocrx_word' id='word_1_300' title='bbox 308 5165 353 5229; x_wconf 84' lang='lat' dir='ltr'><strong>Et</strong></span> <span class='ocrx_word' id='word_1_301' title='bbox 366 5165 506 5230; x_wconf 89' lang='lat' dir='ltr'><strong>ulterius</strong></span> <span class='ocrx_word' id='word_1_302' title='bbox 519 5165 636 5229; x_wconf 89' lang='lat' dir='ltr'><strong>dicunt</strong></span> <span class='ocrx_word' id='word_1_303' title='bbox 649 5165 736 5248; x_wconf 89' lang='lat' dir='ltr'><strong>quod</strong></span> <span class='ocrx_word' id='word_1_304' title='bbox 750 5186 814 5231; x_wconf 88' lang='lat' dir='ltr'><strong>non</strong></span> <span class='ocrx_word' id='word_1_305' title='bbox 830 5173 909 5231; x_wconf 89' lang='lat' dir='ltr'><strong>suut</strong></span> <span class='ocrx_word' id='word_1_306' title='bbox 922 5167 1016 5250; x_wconf 82' lang='lat' dir='ltr'><strong>plura</strong></span> <span class='ocrx_word' id='word_1_307' title='bbox 1031 5170 1117 5230; x_wconf 86' lang='lat' dir='ltr'><strong>terre</strong></span> <span class='ocrx_word' id='word_1_308' title='bbox 1132 5170 1195 5230; x_wconf 88' lang='lat' dir='ltr'><strong>etc.</strong></span> <span class='ocrx_word' id='word_1_309' title='bbox 1215 5169 1263 5244; x_wconf 86' lang='lat' dir='ltr'><strong>(cs</strong></span> <span class='ocrx_word' id='word_1_310' title='bbox 1278 5165 1397 5242; x_wconf 81' lang='lat' dir='ltr'><strong>above).</strong></span> 
     </span>
     <span class='ocr_line' id='line_1_37' title="bbox 309 5326 878 5412; baseline 0.007 -20"><span class='ocrx_word' id='word_1_311' title='bbox 309 5327 394 5392; x_wconf 81' lang='lat' dir='ltr'><strong>Data</strong></span> <span class='ocrx_word' id='word_1_312' title='bbox 407 5329 462 5393; x_wconf 90' lang='lat' dir='ltr'><strong>die</strong></span> <span class='ocrx_word' id='word_1_313' title='bbox 476 5348 561 5392; x_wconf 81' lang='lat' dir='ltr'><strong>anuo</strong></span> <span class='ocrx_word' id='word_1_314' title='bbox 575 5335 609 5391; x_wconf 91' lang='lat' dir='ltr'><strong>et</strong></span> <span class='ocrx_word' id='word_1_315' title='bbox 624 5326 696 5392; x_wconf 90' lang='lat' dir='ltr'><strong>loco</strong></span> <span class='ocrx_word' id='word_1_316' title='bbox 711 5330 878 5412; x_wconf 83' lang='lat' dir='ltr'><strong>predictis.</strong></span> 
     </span>
    </p>
   </div>
   <div class='ocr_carea' id='block_1_20' title="bbox 0 0 2052 6116">
    <p class='ocr_par' dir='ltr' id='par_1_20' title="bbox 0 0 2052 6116">
     <span class='ocr_line' id='line_1_38' title="bbox 0 0 2052 6116; baseline 0 0"><span class='ocrx_word' id='word_1_317' title='bbox 0 0 2052 6116; x_wconf 95' lang='lat' dir='ltr'><strong> </strong></span> 
     </span>
    </p>
   </div>
  </div>
 </body>
</html>
