4092 6117
274 567 340 634 220
891 565 1163 638 WILTSHIRE.

274 863 410 930 Walteri
435 860 685 946 Wychampt0n‚
710 862 846 928 Roherti
872 862 1009 944 Felawe,
1026 861 1187 927 willelmi
1212 859 1369 939 Purshut,
1391 858 1548 926 Willelmi
1575 859 1780 945 Happegras,

273 947 434 1012 ‚Iohannis
449 949 641 1034 Maleweyn,
666 950 832 1015 Edmundi
857 952 989 1035 Waryn,
1012 949 1174 1015 Johannis
1197 947 1394 1027 Comerwell,
1409 946 1569 1016 Willelmi
1593 946 1779 1024 Henerdon,

274 1043 308 1118 et
324 1037 484 1104 Willelmi
497 1037 718 1118 Paternoeter‚
734 1039 791 1121 qui
805 1038 923 1103 dieunt
937 1059 1037 1124 nuper
1051 1041 1291 1103 aaaramentum
1307 1057 1413 1117 suum,
1429 1034 1516 1119 quod
1526 1059 1580 1099 :-

745 1415 748 1420 -
774 1307 1010 1397 [Hunnaauun
1034 1332 1077 1377 ua
1101 1304 1279 1394 omnm]

319 1448 520 1524 Edmuudua,
545 1447 611 1512 dux
634 1447 781 1527 Eboraci,
805 1453 899 1514 tenet
922 1447 962 1512 de
987 1449 1121 1513 domino
1145 1467 1220 1532 rege
1246 1448 1298 1512 iu.
1326 1445 1396 1508 sine
1420 1443 1528 1508 medio
1552 1462 1609 1509 un.
1626 1442 1649 1507 f.
1666 1464 1712 1509 m.
1739 1444 1774 1506 in

274 1536 429 1602 Coumou
445 1536 572 1601 Brasnr
587 1535 673 1598 infra
688 1533 893 1602 hundredum
909 1536 949 1599 de
965 1535 1075 1601 Calne.

315 1672 336 1736 J
337 1671 479 1736 ohannen
494 1669 678 1736 Gamerweh
694 1677 787 1737 tenet
801 1672 841 1736 de
856 1673 949 1736 dieto
964 1673 1096 1737 domino
1113 1691 1189 1757 rege
1202 1669 1255 1735 iu.
1272 1669 1343 1733 nine
1359 1668 1466 1733 medio
1481 1673 1632 1754 quartam
1647 1671 1776 1752 partem

271 1758 294 1824 1.
313 1781 367 1824 un.
383 1781 428 1825 m.
444 1761 479 1823 in
498 1759 638 1837 Suom,
655 1758 741 1823 infra
756 1757 964 1825 hundredum
979 1760 1173 1844 prediorum.

317 1897 422 1966 nubas
437 1901 472 1961 et
487 1901 665 1961 conventus
679 1895 720 1961 de
737 1896 888 1982 Shanleye
903 1896 1123 1981 Imperatriuia
1138 1901 1253 1962 tenent
1267 1895 1308 1960 de
1333 1894 1423 1958 dioto
1447 1893 1580 1958 domino
1605 1913 1682 1978 rege
1707 1893 1777 1956 aine

273 1985 380 2048 medio
395 1985 429 2046 in
445 1984 574 2070 noeagio
589 1984 773 2048 manerium
788 1984 829 2048 de
845 1985 1023 2064 Bnanwrrr,
1039 1984 1125 2049 infra
1140 1982 1348 2049 hundredum
1373 1980 1572 2065 predictum,
1586 1979 1674 2064 quod
1689 1980 1779 2044 valet

273 2091 466 2152 perannum
482 2072 604 2157 viginti
619 2091 753 2136 marcar.
878 2136 884 2148 ,
1124 2097 1126 2102 ·

320 2205 519 2284 Elizabetha,
534 2228 597 2292 qne
619 2208 685 2272 fuit
710 2229 791 2272 uxor
806 2208 964 2276 willelmi
987 2208 1020 2272 la
1046 2207 1190 2285 Zouuhe‚
1205 2207 1359 2284 chivalm,
1373 2211 1469 2270 tenet
1483 2204 1524 2270 de
1540 2205 1630 2268 dioto
1645 2205 1777 2270 domino

272 2315 347 2380 rege
363 2297 415 2360 iu.
433 2295 503 2358 sine
518 2295 639 2373 medio,
653 2295 699 2362 di.
716 2295 740 2359 f.
756 2318 801 2362 m.
816 2298 851 2358 in
869 2296 1029 2373 Cansnorr,
1046 2295 1132 2359 infra
1145 2294 1352 2359 hundredum
1369 2295 1563 2377 predictum.

316 2434 437 2517 Agnes,
452 2453 514 2516 que
530 2432 594 2495 suit
609 2452 690 2496 uxor
705 2433 726 2497 J
728 2433 866 2497 ohannis
882 2433 989 2518 Wyly,
1005 2438 1098 2496 tenet
1112 2433 1153 2497 de
1169 2433 1259 2496 dieto
1273 2431 1408 2496 domino
1422 2450 1509 2516 rega,
1524 2432 1575 2494 sin
1587 2429 1727 2504 emedio,
1741 2431 1776 2491 in

273 2523 412 2604 noregia,
428 2530 532 2585 terrae
545 2527 579 2584 et
593 2525 788 2584 tenementa
798 2522 832 2583 in
859 2519 1008 2587 ermon
1034 2519 1122 2586 infra
1148 2518 1357 2584 hundredum
1383 2517 1577 2602 predictum,
1592 2537 1655 2602 que
1670 2516 1778 2580 valent

272 2629 329 2692 per
345 2627 467 2672 annum
484 2619 623 2693 quatuor
637 2606 747 2672 librar.

317 2746 505 2810 Munatium
530 2744 571 2809 de
595 2745 769 2812 Curarnnn
795 2748 928 2809 tenetur
951 2745 993 2810 de
1014 2745 1107 2809 dioto
1129 2745 1263 2809 domino
1286 2764 1364 2829 rege
1393 2743 1447 2808 hu.
1473 2745 1543 2808 eine
1572 2743 1693 2820 medio,
1722 2763 1779 2826 per

272 2835 444 2898 servicium
470 2852 526 2897 un.
543 2832 567 2898 f.
583 2854 629 2898 m.
656 2833 743 2896 infra
769 2832 976 2897 hundredum
1003 2833 1202 2917 predictum,
1225 2831 1281 2896 eed
1308 2831 1436 2909 dieunt,
1459 2831 1547 2915 quod
1571 2839 1718 2895 remanet
1743 2829 1776 2894 ih

271 2921 418 2985 custodia
432 2920 557 2985 domini
571 2921 670 3006 regia,
685 2920 810 2985 ratione
825 2921 961 2986 minoris
977 2921 1077 2987 etatis
1093 2920 1217 2987 heredia
1232 2919 1368 2998 domitia,
1378 2917 1590 3003 Warewykie.

314 3059 345 3122 N
347 3080 388 3123 on
403 3065 482 3123 sunt
495 3059 687 3142 pluraterre
702 3080 764 3123 nee
778 3063 970 3124 tenementa
983 3064 1079 3124 tenta
1093 3059 1134 3124 de
1149 3058 1239 3124 dicto
1254 3059 1387 3122 domino
1402 3077 1479 3142 rege
1504 3057 1559 3122 hc.
1575 3057 1644 3120 eine
1670 3054 1778 3120 medio

272 3146 357 3211 infra
371 3147 579 3211 hundredum
594 3147 792 3231 predictum.

718 3470 940 3538 Huunannuu
962 3491 1007 3536 ua
1029 3469 1343 3538 OHIPPENHAM.

296 3608 407 3673 .Item
431 3608 546 3672 dieunt
568 3628 667 3693 nuper
689 3613 933 3676 sacramentum
956 3626 1066 3686 ruam,
1079 3607 1167 3694 quod
1193 3607 1370 3672 Edrardnr
1396 3606 1494 3674 Halae
1520 3613 1615 3674 tenet
1635 3608 1676 3673 de
1689 3608 1778 3673 dicto

273 3696 406 3761 domino
421 3717 495 3784 rege
510 3695 563 3762 ie.
579 3695 649 3759 aine
665 3695 773 3762 medio
787 3702 939 3780 quarum
953 3700 1084 3779 paruam
1101 3695 1124 3760 f.
1137 3715 1194 3762 un.
1207 3715 1254 3762 m.
1267 3695 1302 3758 in
1319 3694 1481 3763 Sannum«
1494 3701 1531 3760 et
1545 3695 1777 3776 Garumnam,

274 3782 363 3848 infra
377 3784 581 3848 hundredum
596 3783 637 3847 de
652 3781 885 3869 Ohippenham.
1096 3785 1101 3796 '

317 3919 482 3986 Johannee
506 3921 622 4004 Erleya
645 3927 738 3984 tanat
760 3922 802 3984 de
824 3920 913 3984 dicto
935 3919 1068 3982 domino
1091 3938 1167 4002 rege
1193 3918 1246 3983 i.e.
1263 3919 1332 3982 eine
1358 3919 1467 3983 medio
1491 3920 1627 3984 ternum
1652 3926 1779 4004 partem

274 4011 299 4076 f.
315 4030 371 4073 un.
387 4031 433 4074 m.
448 4009 484 4071 in
499 4009 639 4074 Bounou
654 4015 689 4071 et
703 4007 937 4084 Gauranum,
954 4004 1037 4069 infra
1052 4006 1256 4070 hundredum
1270 4006 1462 4090 predictum.

318 4149 432 4214 eustos
446 4149 537 4212 Nove
552 4147 693 4233 collegio
704 4151 773 4227 (ric)
785 4148 877 4212 beata
892 4145 996 4210 Mario
1012 4143 1136 4209 Oxonie
1151 4152 1243 4212 tenet
1257 4147 1298 4212 de
1313 4148 1400 4212 dieto
1414 4149 1546 4213 domino
1561 4171 1635 4236 rege
1649 4151 1701 4216 he.
1711 4153 1780 4216 eine

274 4237 394 4312 medio,
409 4257 464 4300 un.
480 4237 502 4298 f.
518 4257 563 4301 m.
579 4241 613 4298 et
628 4236 673 4301 di.
689 4238 725 4299 in
741 4237 909 4312 Connanu,
926 4234 1012 4296 infra
1026 4231 1231 4298 hundredum
1247 4235 1439 4319 predictum.

319 4369 504 4456 Stephanus
519 4371 627 4453 Scrop,
644 4369 795 4448 ehivnhrr,
809 4375 901 4434 renat
914 4368 955 4432 de
970 4368 1057 4432 dieto
1071 4368 1203 4434 domino
1217 4391 1291 4458 rege
1304 4375 1357 4444 ie.
1369 4375 1438 4438 rina
1454 4375 1561 4440 medio
1575 4398 1631 4444 un.
1648 4379 1670 4443 1.
1686 4401 1731 4445 m.
1747 4386 1781 4445 et

274 4459 318 4523 di.
334 4459 368 4521 in
386 4456 633 4533 Orernncouan,
649 4459 733 4521 intra
746 4455 956 4523 hundredum
968 4455 1161 4538 predictum.

319 4590 502 4654 Willelmus
532 4589 706 4672 Bonevyle,
730 4591 881 4668 ehivalen
907 4596 999 4654 benet
1027 4591 1068 4653 de
1098 4593 1186 4656 dioto
1216 4596 1349 4660 domino
1379 4617 1454 4682 rege
1484 4600 1536 4665 i.c.
1564 4599 1634 4665 nine
1664 4603 1781 4682 medio,

276 4700 331 4743 un.
346 4678 370 4744 f.
387 4700 433 4745 m.
449 4679 484 4740 in
500 4679 600 4745 Waar
616 4678 787 4756 Keramon,
803 4678 888 4742 infra
902 4678 1108 4742 hundredum
1123 4681 1315 4763 predictum.
1577 4687 1580 4694 '

319 4813 457 4878 Thomas
483 4813 594 4898 Perey,
618 4835 726 4877 eomer
752 4816 938 4900 Wygomie,
952 4821 1045 4880 tenet
1070 4815 1110 4881 de
1132 4817 1221 4881 dicto
1247 4818 1379 4883 domino
1401 4840 1476 4905 rege
1502 4822 1555 4888 iu.
1571 4824 1638 4887 eine
1663 4825 1780 4909 medio,

275 4909 424 4988 quartam
439 4908 564 4986 partem
579 4902 602 4965 f.
617 4922 673 4964 un.
689 4924 735 4967 m.
751 4903 786 4966 in
803 4901 978 4970 Saansnou
994 4902 1127 4984 Mrem,
1144 4903 1230 4968 infra
1244 4903 1448 4971 hundredum
1464 4909 1657 4991 predictum.

318 5036 458 5127 Domina
473 5035 504 5099 le
518 5037 607 5120 Gray
622 5045 715 5100 tenet
728 5038 768 5100 de
783 5037 871 5101 dicto
886 5059 973 5124 rege,
988 5039 1058 5104 eine
1064 5039 1192 5119 medio,
1208 5041 1242 5103 in
1259 5043 1397 5128 aocaghr,
1412 5047 1512 5108 terrae
1535 5050 1568 5110 et
1594 5052 1782 5114 tenementa

275 5126 309 5186 in
326 5124 439 5190 Endon
455 5124 559 5204 Gerr,
574 5122 660 5188 iufra
673 5122 878 5188 hundredum
893 5127 1088 5209 predictum,
1101 5147 1165 5211 que
1179 5127 1289 5192 valent
1302 5149 1496 5213 perannum
1510 5133 1621 5200 decem
1635 5135 1742 5203 librar.

318 5261 370 5326 Ε1.
388 5260 524 5326 ulterius
547 5261 663 5326 dieunt
685 5282 779 5345 super
801 5270 1039 5340 sacramentum
1064 5285 1172 5342 auum,
1194 5266 1370 5349 qnodnon
1396 5275 1472 5332 sunt
1498 5269 1591 5354 plura
1616 5277 1698 5337 terre
1720 5294 1782 5342 nae

275 5352 463 5418 reuomente
477 5353 572 5414 tenu
585 5349 627 5412 de
640 5349 729 5414 dicto
743 5349 878 5416 domino
892 5372 970 5436 rege
984 5353 1036 5416 ia.
1049 5353 1118 5416 eina
1133 5352 1256 5432 medio,
1266 5355 1351 5418 infra
1366 5353 1571 5421 hundredum
1586 5359 1779 5442 predictum.
