4092 6117
331 596 394 662 ise
969 594 1202 663 WARWlCK.

375 890 554 973 Inquisieio
579 895 677 971 capta
701 886 788 970 apud
804 886 1034 953 Wamcicum
1050 886 1118 973 xiiij
1124 936 1131 951 .
1148 888 1200 951 die
1216 886 1357 971 Augusti
1373 906 1456 949 anno
1479 886 1569 969 regni
1595 888 1681 971 regis
1696 885 1831 948 Henrioi

330 980 416 1040 sexti
428 984 521 1040 sexto
534 995 639 1039 coram
655 976 781 1038 'lboma
792 973 1024 1057 deSydenhale
1040 982 1072 1036 et
1088 976 1183 1037 sociis
1197 976 1264 1037 suis
1276 974 1500 1037 collectoribus
1515 973 1567 1059 cuj
1572 974 1686 1036 usdam
1698 973 1832 1036 subsidii

330 1064 403 1149 iis.
424 1064 464 1128 (le
489 1063 572 1127 libra
593 1064 637 1126 de
662 1062 928 1125 inhabitantibus
950 1061 1119 1125 domicilia
1146 1062 1334 1125 tenentibus
1362 1060 1538 1145 cujuslibet
1568 1062 1717 1143 parochie
1746 1060 1831 1123 inira

330 1152 480 1215 civitates
492 1159 527 1215 et
541 1152 662 1235 liugos
677 1149 764 1212 inira
777 1152 972 1213 comitatum
987 1150 1173 1232 predictum
1189 1150 1363 1212 dummodo
1378 1150 1412 1211 in
1426 1150 1538 1212 eadem
1555 1148 1705 1231 parocbia
1719 1148 1830 1210 decem

331 1260 466 1322 persone
494 1236 715 1301 inhabitantes
744 1238 911 1299 domicilia
940 1243 1089 1299 tenentes
1120 1239 1265 1300 existant
1294 1236 1388 1321 cujus
1417 1236 1553 1299 ecclesia
1582 1238 1682 1298 annui
1713 1235 1830 1299 valoris

330 1328 452 1413 viginti
463 1348 489 1390 e.
505 1328 648 1389 existent
667 1327 735 1403 (cic)
754 1332 787 1387 et
803 1327 850 1387 sio
864 1324 1067 1387 ascendendo
1091 1324 1185 1411 juxta
1205 1333 1309 1387 ratam
1327 1334 1400 1386 taxe
1417 1322 1591 1409 cujuslibet
1607 1323 1682 1385 talis
1699 1322 1832 1385 ecclesie

330 1414 492 1498 usquead
518 1434 705 1496 supremum
730 1420 764 1475 et
784 1412 964 1475 maximum
989 1411 1130 1475 valorem
1156 1412 1331 1497 cujuslibet
1357 1411 1434 1474 talis
1458 1410 1591 1475 ecclesie
1621 1430 1679 1493 per
1703 1410 1830 1473 debitas

331 1502 561 1588 inquisiciones
579 1500 654 1563 inde
669 1497 842 1583 capiendas
855 1519 914 1582 per
928 1506 1166 1562 sacramentum
1183 1507 1245 1564 etc.

376 1677 469 1738 Infra
497 1674 633 1759 burgum
657 1672 696 1738 de
723 1674 931 1739 leauawmo
956 1681 990 1735 et
1016 1682 1108 1735 extre
1131 1680 1209 1737 sunt
1234 1674 1299 1736 duo
1326 1673 1460 1735 ecclesie
1483 1670 1691 1755 parochiales,
1708 1691 1772 1734 uns
1788 1672 1828 1735 de

332 1766 460 1832 Seuero
487 1764 657 1828 Nrouonso
679 1782 744 1846 que
763 1762 849 1825 valet
875 1778 1079 1843 perannum
1104 1762 1140 1822 in
1166 1761 1317 1823 omnibus
1341 1761 1435 1845 juxta
1454 1768 1621 1822 extentam
1652 1759 1727 1822 inde
1749 1766 1829 1820 ωηο

329 1872 437 1915 onnia
451 1850 587 1933 prefatis
600 1849 797 1934 juratoribus
811 1850 933 1911 factem
949 1848 1041 1933 xviij.
1058 1868 1181 1911 mareas
1196 1848 1243 1913 di.
1258 1856 1293 1911 et
1315 1848 1415 1911 altere
1427 1847 1470 1911 de
1487 1848 1614 1915 Seuero
1637 1847 1829 1916 Licaasoo

331 1960 393 2022 que
408 1938 495 2001 valet
507 1958 566 2020 per
579 1957 702 1999 annum
718 1936 794 2000 als.
1073 1934 1078 1943 '

375 2075 466 2137 Infra
485 2075 573 2138 idem
598 2073 737 2157 burgum
762 2073 803 2136 de
829 2073 1040 2139 ll'sssawrco
1066 2092 1131 2135 una
1156 2073 1221 2135 alia
1243 2072 1376 2135 ecclesia
1399 2073 1512 2138 Bsars
1540 2072 1652 2137 Mirus
1686 2092 1747 2157 que
1779 2080 1829 2135 est

330 2163 465 2226 ecclesia
479 2161 652 2243 collegiata
666 2166 701 2223 et
716 2181 778 2223 non
796 2158 998 2243 parochialis.
1045 2160 1084 2221 ln
1099 2159 1193 2245 cujus
1208 2160 1253 2223 rei
1268 2168 1330 2225 etc.

374 2388 552 2470 Inquisicio
574 2390 672 2468 capta
693 2384 781 2467 apud
804 2383 970 2447 stratford
991 2400 1088 2466 super
1102 2384 1192 2447 Auen
1219 2384 1272 2446 die
1289 2384 1423 2447 Veneris
1447 2384 1591 2466 proxima
1613 2392 1685 2467 post
1707 2386 1828 2449 festum

330 2476 449 2539 Sancte
475 2474 568 2537 Fidis
593 2473 739 2557 Virginis
765 2492 850 2534 anno
875 2471 966 2554 regni
993 2473 1081 2555 regis
1111 2470 1243 2533 Henrici
1266 2469 1379 2558 [sexti]
1412 2472 1551 2553 septimo
1575 2493 1681 2535 coram
1706 2472 1830 2536 'l'homa

329 2562 513 2647 Sydenhale
527 2562 569 2624 de
583 2560 775 2623 Toneworth
789 2567 825 2623 et
839 2559 935 2621 sociis
949 2559 1018 2623 suis
1033 2558 1261 2623 collectoribus
1276 2558 1413 2623 subsidii
1426 2572 1489 2623 etc.
1508 2566 1554 2637 (os
1570 2561 1691 2645 abore).

374 2737 464 2808 Infra
494 2736 634 2819 burgum
652 2735 692 2796 de
725 2735 918 2801 Saaassoeu
948 2753 1044 2815 super
1069 2734 1162 2799 Avnu
1194 2740 1333 2795 nonest
1360 2734 1424 2797 nisi
1448 2740 1580 2797 tentum
1607 2756 1672 2801 una
1695 2734 1829 2801 ecelesia

329 2824 522 2909 paroehialis
547 2844 610 2906 que
635 2828 682 2885 eat
709 2821 843 2884 ccclesia
868 2822 996 2887 Sanoua
1022 2821 1213 2885 'summme
1242 2821 1365 2885 ibidem
1396 2830 1430 2885 et
1459 2822 1573 2887 dicunt
1598 2823 1686 2906 quod
1713 2822 1826 2887 eadem

330 2912 466 2975 ecolesie
491 2911 577 2973 valet
602 2929 802 2992 perannum
825 2910 859 2970 in
884 2908 1036 2971 omnibus
1065 2908 1159 2989 juxta
1179 2916 1345 2971 extentam
1372 2909 1446 2971 inde
1472 2908 1594 2972 ibidem
1619 2920 1698 2972 ωηο
1719 2930 1828 2975 nomn

330 2999 466 3084 pnelatis
479 2997 676 3084 juratoribus
691 2997 811 3059 factam
826 3016 919 3061 xxxv.
935 3014 1060 3059 marcas
1077 3002 1218 3059 tantum.

374 3138 465 3202 Infra
478 3138 618 3223 burgum
634 3136 674 3199 de
690 3136 850 3201 Kruorou
874 3154 937 3197 ηοη
961 3139 1011 3196 eet
1034 3136 1097 3197 nisi
1121 3141 1250 3199 tantum
1274 3156 1338 3197 una
1353 3136 1487 3199 ecclesis
1503 3136 1693 3219 parochialis
1711 3136 1829 3203 Seueri
1937 3160 1946 3177 ·

331 3224 436 3293 Pnuru
451 3222 586 3300 ibidem,
601 3238 635 3287 et
648 3222 764 3286 dicunt
777 3223 865 3305 quod
881 3222 996 3285 eadem
1012 3222 1147 3286 ecelesia
1163 3223 1249 3287 valet
1274 3243 1332 3307 per
1354 3244 1476 3287 annum
1500 3226 1534 3286 in
1562 3223 1713 3285 omnihus
1736 3224 1830 3309 juxta

330 3322 498 3379 extentam
523 3312 600 3375 inde
623 3312 743 3375 ibidem
768 3321 847 3373 ωηο
873 3312 976 3373 eciam
1003 3312 1072 3388 (sic)
1099 3310 1236 3393 prefatis
1261 3311 1459 3397 juratoribus
1486 3310 1604 3373 laetum
1628 3312 1832 3395 >eximereris

331 3409 473 3465 tantum.

375 3540 464 3603 Infra
478 3537 618 3621 burgum
635 3536 674 3598 de
691 3536 877 3599 Aaronem
893 3553 960 3596 ηοη
975 3541 1027 3597 est
1040 3536 1103 3598 uisi
1120 3540 1248 3597 tantum
1266 3555 1332 3597 una
1347 3535 1483 3598 eeclesia
1497 3534 1689 3620 parochialis
1705 3556 1767 3620 que
1782 3544 1831 3600 est

330 3627 462 3692 ecclesia
479 3626 607 3691 Seuera
624 3624 720 3687 Fines
736 3623 891 3687 insonus
914 3621 1038 3684 ibidem
1065 3634 1100 3685 et
1125 3624 1239 3685 dicunt
1258 3622 1345 3704 quod
1367 3624 1481 3685 eadem
1502 3623 1638 3687 ecclesia
1660 3624 1749 3686 valet
1774 3644 1830 3706 per

329 3734 450 3779 aunum
465 3716 500 3775 in
516 3714 668 3775 omnibus
682 3721 744 3773 ete.
762 3709 819 3794 xij.
837 3728 957 3771 marcas
971 3716 1115 3773 tantum.

376 3849 467 3911 Infra
482 3849 621 3930 burgum
637 3846 678 3907 de
694 3846 877 3910 Bucar-“osu
893 3865 957 3909 non
971 3854 1021 3908 est
1046 3847 1108 3908 nisi
1136 3854 1265 3909 tantum
1292 3866 1358 3909 una
1384 3846 1521 3909 ecclesia
1545 3844 1752 3929 parochialis,
1767 3866 1829 3931 que

330 3944 382 4001 est
397 3936 534 4000 ecelesia
551 3935 669 4000 Seueri
685 3934 881 4009 baraeus-11,
899 3942 931 3995 et
947 3933 1063 3995 dicunt
1079 3934 1163 4017 quod
1180 3934 1294 3997 eadem
1311 3934 1448 3997 ecclesia
1465 3933 1550 3995 valet
1577 3954 1634 4015 per
1657 3953 1779 3996 annum
1795 3935 1829 3994 in

330 4024 482 4089 omnibus
497 4028 561 4086 eto.
576 4021 656 4105 xvij.
674 4040 806 4084 marcas.

375 4161 464 4223 Infra
492 4159 601 4222 villain
627 4158 693 4220 sive
718 4157 856 4241 burgum
883 4158 923 4218 de
951 4158 1160 4222 'l'ouswouru
1186 4178 1249 4219 ηοη
1277 4169 1328 4222 est
1351 4160 1413 4221 nisi
1443 4166 1572 4221 tantum
1602 4178 1665 4220 una
1696 4158 1830 4220 ecclesis

331 4246 522 4333 parochialis
546 4250 682 4330 quaest
708 4245 844 4307 ecclesia
872 4246 999 4309 Ssuore
1025 4246 1139 4309 Mirus
1166 4246 1377 4311 Maonsnsus
1402 4245 1525 4308 ibidem
1552 4255 1586 4312 et
1610 4246 1726 4307 dicunt
1744 4246 1830 4328 quod

330 4338 441 4401 eadem
457 4333 592 4397 ecelesia
606 4332 695 4395 valet
709 4352 900 4415 perannum
916 4334 950 4393 in
965 4333 1116 4395 omnibus
1132 4350 1196 4397 eto.
1215 4334 1327 4396 decem
1343 4333 1442 4395 libras
1455 4338 1600 4397 tantum.

375 4472 467 4538 Infra
480 4472 619 4557 burgum
635 4470 676 4532 de
694 4470 867 4536 Saounnrn
883 4468 954 4547 isio)
968 4470 1037 4533 ηοη
1052 4476 1102 4533 est
1114 4470 1203 4533 inira
1222 4473 1291 4549 (cic)
1310 4490 1407 4533 unani
1425 4469 1597 4534 eeclesiam
1615 4466 1833 4553 parochialem

331 4585 393 4649 que
407 4561 494 4625 valet
508 4578 701 4643 perannum
717 4555 819 4640 xxiiij.
834 4576 967 4623 mareas.

375 4701 415 4763 Ιη
431 4698 524 4784 cujus
539 4696 584 4758 rei
601 4701 665 4758 eto.

812 4870 1034 4939 Hounsnnsu
1058 4891 1101 4935 ns
1124 4869 1345 4939 KYNGTON.

372 5011 422 5075 De
438 5009 582 5073 subsidio
597 5007 697 5071 tercie
712 5008 818 5091 partis
832 5006 857 5091 j.
874 5007 896 5070 f.
913 5028 958 5071 m.
974 5008 1007 5068 in
1025 5007 1185 5073 Bsnsoan
1201 5028 1304 5091 nuper
1318 5008 1453 5071 Henriei
1468 5006 1631 5075 Tsulrard.

372 5150 421 5212 De
436 5147 581 5210 subsidio
596 5146 695 5208 trium
713 5144 857 5226 partium
868 5143 895 5227 j,
912 5144 934 5207 f.
951 5164 995 5207 m.
1008 5145 1043 5205 in
1059 5144 1267 5209 Fisususorr
1284 5164 1387 5228 nuper
1402 5142 1542 5207 Simonis
1557 5144 1597 5206 de
1615 5144 1786 5211 Evesham.

373 5288 421 5351 De
436 5283 580 5349 subsidio
595 5282 694 5346 tercie
711 5281 814 5364 partis
828 5282 852 5365 j.
868 5282 892 5345 f.
908 5302 952 5345 m.
969 5283 1004 5344 in
1020 5282 1249 5347 lllouurucrou
1265 5302 1368 5365 nuper
1382 5280 1539 5345 Jobennis
1553 5282 1594 5344 de
1610 5280 1778 5350 Herdwilr.

289 5422 299 5435 ’
373 5426 421 5489 lle
435 5421 579 5487 subsidio
596 5392 693 5484 tercie
709 5418 811 5501 partis
827 5418 849 5499 j.
867 5417 890 5483 l'.
907 5440 952 5484 m.
968 5420 1001 5480 in
1019 5419 1209 5482 Hsuuswur
1225 5422 1260 5481 in
1277 5430 1393 5483 tenura
1411 5418 1519 5481 Houni
1540 5422 1608 5496 (cic)
1626 5420 1666 5482 de
1682 5420 1785 5485 Mora.
