4092 6117
938 686 942 693 .
999 622 1221 693 sorbonn.

814 906 1053 997 [Hunnnnnnrr
1075 906 1135 996 nn]
1164 908 1411 979 OOLNEYSE.
1514 894 1517 897 ¹

406 1046 584 1132 Inquisicio
599 1051 695 1132 capta
708 1046 795 1132 apud
810 1046 1036 1133 Gippewicum
1050 1047 1108 1112 die
1121 1046 1211 1112 hune
1226 1049 1372 1131 proxima
1387 1052 1461 1132 post
1474 1044 1597 1110 festum
1613 1044 1857 1113 Purificaoionis

362 1132 464 1199 Beate
475 1133 578 1199 Marie
588 1136 734 1219 Virginis
744 1155 829 1198 anno
843 1138 935 1221 regni
950 1137 1034 1219 regis
1051 1136 1186 1200 Henrici
1200 1136 1309 1220 quarti
1324 1142 1398 1219 post
1411 1141 1622 1218 conquestum
1636 1136 1739 1199 tercio
1753 1152 1856 1197 coram

362 1221 490 1307 Rogero
503 1222 698 1286 Wolterston
715 1228 750 1287 et
765 1223 861 1285 soriis
875 1223 942 1286 suis
956 1222 1184 1286 collectoribus
1200 1242 1255 1305 per
1270 1222 1530 1285 commissionem
1554 1220 1682 1285 domini
1704 1219 1789 1305 regis
1811 1220 1856 1283 eis

358 1309 519 1372 directam
555 1330 613 1393 pro
648 1308 849 1374 racionabile
884 1309 1009 1373 anxilio
1045 1311 1086 1373 ad
1117 1306 1315 1373 Blauchenm
1351 1309 1607 1393 primogenitam
1635 1308 1738 1371 filiam
1766 1328 1856 1371 suam

362 1397 580 1459 maritandam
604 1418 661 1481 per
686 1402 926 1460 sacramentum
950 1395 1109 1461 iohannis
1124 1394 1246 1479 Ryche,
1260 1394 1420 1460 Jnhannis
1434 1395 1534 1478 Reye,
1551 1392 1703 1459 Nicholai
1719 1394 1857 1477 Kelyng‚

362 1480 521 1547 lobannis
543 1483 715 1569 Rodelrp,
742 1482 900 1547 lobannis
928 1484 1093 1568 Mullyng,
1118 1484 1253 1547 Roberti
1282 1480 1515 1560 Medeweman,
1542 1480 1666 1546 Tbome
1690 1482 1857 1564 Arae-yn,

365 1571 518 1634 Willelmi
543 1570 644 1650 West,
668 1569 813 1635 Simonis
839 1570 1003 1651 Kenbrolr,
1029 1570 1155 1635 Thome
1177 1570 1274 1647 Reae,
1298 1570 1453 1633 Willelmi
1481 1568 1640 1647 Oaseuell,
1666 1576 1702 1633 et
1728 1567 1856 1634 Ricardi

362 1656 457 1735 Reus,
465 1658 664 1741 juratorum,
677 1658 734 1743 qui
749 1658 862 1722 dicunt
875 1678 974 1742 nrper
987 1666 1223 1723 sacramentum
1239 1678 1334 1721 suum
1348 1658 1434 1742 quod
1445 1682 1499 1723 :-

406 1851 477 1914 Non
494 1857 570 1914 sunt
585 1851 620 1915 in
635 1848 803 1914 hundredo
816 1852 963 1935 predicto
977 1853 1084 1937 ulique
1101 1858 1185 1916 terre
1208 1858 1242 1916 et
1263 1856 1447 1915 tenemento
1473 1870 1537 1935 que
1563 1850 1604 1913 de
1629 1848 1762 1913 domino
1785 1866 1856 1931 rege

361 1943 514 2003 tenentur
527 1939 580 2001 i.c.
595 1958 653 2023 per
668 1940 838 2002 servicium
853 1940 997 2004 militare
1011 1960 1072 2005 nec
1086 1941 1122 2002 in
1137 1940 1274 2025 sccagio.

406 2077 447 2139 In
460 2073 555 2163 cujus
569 2078 617 2139 rei
631 2077 856 2141 testimonium
872 2082 936 2142 eto.

793 2301 1053 2391 [Hnsnannanu
1075 2302 1134 2392 nn]
1163 2302 1435 2371 RYSBRIGGE.

405 2438 583 2523 inquisicio
607 2442 703 2522 capta
726 2458 836 2501 coram
861 2436 1011 2501 Johnnne
1036 2434 1180 2515 Gurnay,
1205 2440 1367 2499 esoaetore
1389 2435 1512 2499 domini
1528 2436 1674 2521 neglect
1688 2438 1782 2503 sociis
1796 2438 1858 2505 sais

361 2526 585 2591 collectoribus
599 2525 723 2589 domini
737 2527 822 2610 regis
832 2525 867 2587 in
879 2525 1039 2588 comitatu
1051 2520 1210 2585 Suffolkie
1219 2522 1260 2585 de
1273 2522 1469 2587 racionabile
1479 2523 1602 2587 auxilio
1612 2525 1653 2588 ad
1664 2524 1858 2590 Blancheam

362 2614 612 2697 primogenitam
628 2612 728 2674 filiam
743 2612 868 2676 domini
883 2613 968 2696 regis
983 2608 1200 2673 maritandam
1214 2610 1301 2691 apud
1316 2609 1483 2674 Henhcwe
1504 2610 1557 2675 die
1578 2610 1694 2676 Marcii
1717 2614 1859 2696 proxima

361 2708 438 2763 ante
467 2702 586 2763 lentum
615 2698 728 2800 Sancti
756 2697 847 2763 Petri
877 2700 913 2762 in
942 2697 1103 2762 cathedra
1132 2714 1217 2758 anno
1246 2699 1339 2780 regni
1367 2699 1452 2782 regis
1483 2697 1616 2761 Henrici
1645 2702 1753 2785 quarti
1788 2706 1859 2785 post

362 2785 831 2951 llllt‘lldlgbfltfd
877 2782 1689 2959 ldlmtltllmlllttldlttllllll,
1702 2786 1858 2938 Selii

363 2960 538 3044 Iemenge,
554 2960 644 3023 Petri
668 2958 749 3043 Ityr,
772 2958 896 3022 'rhome
912 2958 1032 3037 Fuller,
1055 2958 1147 3021 Petri
1163 2955 1298 3035 Michel,
1315 2957 1473 3042 Stephani
1490 2956 1664 3042 Wylrham,
1678 2966 1712 3025 et
1728 2960 1857 3026 Walteri

363 3054 433 3112 atte
449 3046 530 3125 Fan,
543 3048 737 3134 juratorum,
752 3048 808 3131 qni
823 3047 938 3111 dicunt
953 3066 1050 3129 super
1065 3049 1302 3109 sacramentum
1316 3066 1413 3109 snum
1429 3046 1515 3130 quod
1524 3071 1577 3111 :-

406 3232 570 3297 lohannes
593 3234 682 3318 Toby
704 3237 798 3299 tenet
823 3236 858 3297 in
882 3232 1112 3301 Heumann
1137 3232 1183 3297 di.
1215 3232 1238 3298 l.
1268 3232 1309 3295 de
1344 3233 1476 3298 domino
1508 3254 1581 3319 rege
1609 3236 1665 3301 ic.
1697 3236 1857 3321 qnondam

363 3318 499 3385 Henrici
515 3321 680 3405 Helyoun.
1783 3382 1786 3391 .

406 3456 566 3522 Dominus
580 3457 621 3522 de
636 3456 748 3521 Scalea
762 3462 856 3522 tenet
869 3458 915 3523 di.
932 3458 956 3523 f.
971 3457 1007 3520 in
1023 3456 1166 3524 Dumrrr
1182 3456 1223 3520 de
1237 3456 1370 3521 domino
1384 3476 1459 3542 nege
1473 3458 1530 3525 i.e.

407 3598 494 3662 Item
509 3598 623 3662 dieunt
634 3599 723 3683 qnod
737 3617 803 3662 non
818 3603 893 3662 sunt
909 3598 1018 3681 plures
1036 3602 1119 3661 terre
1133 3603 1166 3660 et
1191 3605 1378 3660 tenemento
1401 3616 1465 3680 que
1489 3600 1645 3661 tenentur
1665 3597 1708 3663 de
1732 3598 1858 3661 domino

361 3706 434 3770 rege
448 3687 502 3752 i.e.
519 3706 578 3769 per
592 3688 765 3751 servicium
780 3685 923 3749 militare
937 3705 1045 3769 neque
1060 3704 1119 3768 per
1131 3684 1297 3769 socsgium
1312 3684 1347 3746 in
1362 3683 1510 3767 predicto
1525 3683 1706 3751 hundredo.

407 3822 447 3885 In
462 3822 556 3905 cajus
570 3824 617 3888 rei
632 3823 860 3889 testimonium
875 3827 939 3889 etc.

674 4080 881 4170 [Hunnnnna
907 4080 967 4170 nn]
995 4080 1210 4152 BOSMERE
1240 4078 1312 4170 [nr]
1341 4078 1561 4149 OLEYDON.

409 4218 589 4302 Inquisicic
603 4226 698 4302 capta
712 4222 800 4304 apud
817 4220 1043 4305 Gippewioum
1059 4220 1112 4285 die
1126 4220 1219 4283 Lune
1233 4222 1379 4303 proxima
1395 4224 1468 4303 post
1483 4220 1604 4283 festum
1620 4217 1859 4285 Purifioacionis

366 4305 469 4370 Beate
485 4307 600 4385 Marie,
615 4306 772 4393 Virginis,
785 4328 872 4372 anno
893 4310 985 4400 regni
1008 4310 1096 4391 regis
1119 4308 1256 4371 Henrioi
1277 4308 1387 4391 quarti
1411 4312 1626 4391 aoonquestn
1640 4310 1742 4372 tercio
1756 4328 1859 4373 coram

364 4393 492 4477 Rogero
506 4395 547 4458 de
562 4394 760 4459 Wolferston
781 4402 816 4459 et
838 4396 933 4459 sociis
955 4397 1023 4458 suis
1037 4395 1262 4459 collectoribus
1287 4414 1344 4477 per
1358 4394 1621 4457 commissionem
1635 4395 1761 4459 domini
1775 4397 1859 4479 regis

363 4482 413 4545 eis
428 4482 584 4545 directam
602 4503 658 4565 pro
673 4484 863 4547 racionabili
877 4483 1001 4546 anxilio
1015 4484 1058 4547 ad
1072 4481 1328 4567 primogenitam
1342 4480 1444 4544 filiam
1459 4480 1676 4547 maritandam
1691 4482 1727 4546 in
1743 4484 1859 4547 comite

365 4566 524 4632 Suffollrie
553 4568 707 4633 videlicet
739 4568 933 4634 Blancheam
962 4570 1068 4633 filiam
1097 4590 1191 4634 suam
1220 4590 1279 4653 per
1309 4576 1548 4632 sacramentum
1587 4569 1709 4633 Thomu
1744 4568 1859 4645 Graue,

364 4653 524 4719 Jchsnnis
545 4656 676 4734 Honell‚
698 4657 855 4722 Willelmi
878 4655 995 4735 Crane,
1015 4654 1176 4721 Johennis
1200 4654 1326 4735 Havell
1347 4652 1507 4719 Jnhannis
1535 4654 1707 4735 Stonbam‚
1728 4656 1859 4721 Rcberti

365 4740 461 4825 Boys‚
489 4741 614 4807 Thome
645 4742 758 4823 Wade,
787 4742 948 4809 Jnhannis
977 4744 1116 4823 Jurdon,
1146 4742 1306 4807 Jnhannis
1336 4741 1518 4827 Tengham,
1543 4739 1706 4809 Jnhannis
1731 4744 1859 4828 Weryn,

364 4826 523 4893 lobannis
538 4828 668 4915 Smyth‚
680 4838 716 4895 et
730 4830 854 4896 Thome
868 4829 985 4912 Brona,
998 4831 1181 4918 juratorum
1195 4831 1253 4915 qui
1268 4830 1383 4894 dicunt
1396 4828 1482 4915 qnod
1493 4853 1547 4893 :-

405 5011 571 5079 Johannes
585 5012 734 5098 Spenser,
748 5013 903 5095 chiselon
918 5020 1010 5080 tenet
1023 5017 1058 5079 in
1076 5015 1296 5084 Nnrnnsnnnn
1306 5016 1333 5100 j.
1349 5016 1372 5082 1.
1388 5036 1435 5083 m.
1451 5014 1493 5079 de
1506 5014 1641 5080 (1οωὶυο
1654 5036 1729 5101 rege
1740 5018 1795 5085 tn

407 5149 501 5213 Prior
525 5152 566 5215 de
589 5149 723 5215 Bresete
749 5151 873 5237 Magna
897 5157 994 5217 tenet
1016 5154 1052 5217 in
1076 5150 1231 5220 Bansnrn
1257 5152 1281 5239 1⁰.
1296 5152 1320 5219 f.
1335 5174 1381 5219 m.
1397 5153 1438 5217 de
1460 5152 1592 5217 domino
1613 5172 1690 5238 rege
1705 5155 1758 5220 ic.
1774 5154 1853 5239 quod

364 5238 526 5320 qnondam
544 5238 610 5302 fuit
624 5237 646 5303 J
646 5238 783 5303 ohannis
797 5238 906 5304 Felte.

408 5372 523 5439 (lomes
537 5376 579 5439 de
593 5375 830 5442 Westmerlcnd
844 5382 937 5443 tenet
950 5379 987 5442 in
998 5377 1193 5449 Wnnasm
1208 5378 1234 5467 j.
1251 5379 1274 5445 f.
1290 5399 1336 5446 m.
1351 5379 1393 5444 de
1408 5376 1542 5443 domino
1556 5378 1700 5463 rugeio.
