4092 6117
916 538 999 604 Α.Ι).
1025 542 1120 604 1846.
1704 545 1767 610 805

303 821 346 884 nt
372 823 411 886 de
435 823 557 909 runis.
574 823 687 909 viiju.
714 825 755 888 de
779 824 906 910 Rogero
931 826 973 889 de
1001 825 1217 890 Wessebourn
1242 848 1300 910 pro
1325 826 1362 914 ij.
1388 827 1538 909 pertibus
1563 828 1588 913 j.
1612 828 1635 892 f.
1662 849 1706 894 m.
1731 829 1766 891 in

261 910 433 978 Susuroun
448 912 677 978 Wnssnuouuu
691 918 725 975 et
739 913 978 991 Wsssnnouuu,
1006 914 1093 997 quod
1119 913 1141 978 J
1142 912 1287 978 ohannes
1302 915 1344 978 de
1360 915 1574 980 Wessebourn
1601 916 1765 1000 quondum

259 1000 366 1060 tenuit
381 999 416 1060 in
432 999 568 1074 eisdem,
582 1001 665 1062 sicut
681 1002 871 1063 continetur
885 1007 949 1063 etc.

303 1135 346 1197 Et
372 1136 413 1198 de
439 1158 507 1202 nr.
532 1138 572 1200 de
597 1137 737 1222 Hugone
761 1139 802 1200 de
829 1137 994 1222 Cokeseye
1019 1159 1077 1222 pro
1103 1145 1219 1225 quarte
1248 1145 1342 1222 purte
1368 1141 1397 1223 j.
1413 1142 1436 1206 f.
1455 1163 1500 1206 m.
1527 1142 1561 1204 in
1591 1140 1766 1207 Suruuoun

258 1222 430 1301 Esrnuur,
447 1245 509 1308 que
524 1223 688 1287 Johennes
703 1225 742 1287 de
758 1224 971 1289 Wsssebourn
987 1227 1153 1310 quondam
1169 1229 1288 1304 tenuit,
1304 1228 1389 1290 sieut
1403 1229 1591 1292 continetur
1607 1233 1669 1293 ete.

302 1359 347 1422 Et
361 1361 402 1422 de
417 1383 484 1426 us.
501 1361 541 1424 de
556 1360 704 1425 Johaune
717 1363 758 1425 de
773 1362 804 1425 la
821 1361 907 1426 Hide
923 1383 979 1440 pro
994 1371 1110 1445 quarta
1127 1370 1218 1447 porte
1228 1363 1256 1446 j.
1274 1365 1297 1432 s.
1316 1386 1360 1430 m.
1377 1366 1412 1426 in
1429 1364 1533 1443 Cursu,
1549 1384 1649 1447 quum
1669 1363 1765 1448 Hugo

259 1446 299 1509 de
314 1447 412 1512 Bledn
426 1449 590 1533 quondam
606 1450 724 1524 tenuit,
740 1451 825 1513 sicut
841 1452 1031 1513 continetur
1046 1455 1111 1516 etc.

303 1586 347 1648 Et
361 1587 402 1650 de
417 1610 447 1652 x.
457 1611 482 1653 s.
498 1589 539 1651 de
554 1587 705 1651 Johsnne
731 1590 770 1650 de
797 1589 964 1652 Lodelowe
988 1598 1023 1652 et
1047 1588 1222 1653 heredibus
1250 1591 1432 1676 Margarete
1458 1591 1499 1654 de
1523 1589 1680 1654 Cornwnll
1706 1610 1765 1673 pro

258 1681 375 1756 quarte
389 1681 481 1757 perte
495 1677 520 1762 j.
537 1676 559 1739 f.
576 1698 622 1742 m.
639 1679 674 1738 in
691 1676 881 1752 Csuunoou,
898 1697 995 1760 quarn
1020 1677 1119 1760 Hngc
1146 1678 1186 1741 de
1212 1679 1345 1742 Mortuo
1361 1678 1447 1741 Meri
1463 1678 1626 1763 quondum
1641 1677 1762 1754 tenuit,

259 1760 344 1823 sicut
358 1763 545 1826 continetur
560 1771 623 1828 eto.
668 1763 763 1827 Unde
790 1764 931 1846 predicti
955 1762 1091 1828 heredes
1115 1765 1153 1828 de
1181 1764 1354 1828 Cornewell
1381 1767 1415 1828 in
1440 1764 1589 1828 custodie
1603 1762 1763 1828 Johonnis

259 1847 395 1912 'l'elebot
409 1856 524 1914 tenent
539 1851 756 1914 medietatem
772 1850 917 1934 predicte
932 1857 1047 1935 qturte
1062 1853 1176 1935 partis.

302 1986 345 2048 Et
359 1987 400 2050 de
415 2010 480 2054 us.
496 1988 537 2052 de
552 1987 700 2052 Johanne
724 1989 859 2053 Telebot
885 1995 921 2053 et
943 1988 1117 2054 heredibus
1132 1989 1319 2074 Margarete
1335 1991 1376 2054 de
1393 1989 1549 2054 Cornwell
1564 1989 1599 2052 in
1615 1987 1765 2052 custodia

260 2070 418 2137 iohannis
433 2075 547 2139 Talbot
564 2096 621 2159 pro
647 2081 763 2160 quarta
787 2085 879 2160 parte
900 2077 928 2160 j.
944 2076 969 2142 f.
986 2101 1032 2143 m.
1060 2079 1094 2141 in
1119 2079 1284 2143 Hrnprou
1310 2077 1446 2156 Cnsrun,
1472 2098 1534 2163 que
1561 2075 1701 2140 Isebelln
1723 2076 1764 2139 de

260 2158 392 2224 Mortuo
410 2161 495 2226 Muri
510 2165 673 2248 quondam
690 2166 810 2243 tenuit,
827 2166 913 2228 sicut
928 2168 1112 2229 continetur
1127 2173 1191 2229 etc.

302 2297 345 2360 Et
371 2298 412 2360 de
438 2321 524 2365 xre.
548 2301 590 2364 de
615 2298 741 2364 Thonis
766 2302 807 2365 de
834 2301 924 2365 Bello
951 2302 1084 2387 Campo,
1107 2306 1226 2368 comite
1252 2303 1447 2380 Werrewioi,
1475 2321 1533 2384 pro
1558 2300 1603 2364 di.
1619 2300 1643 2366 t.
1660 2321 1704 2365 m.
1728 2299 1763 2362 in

260 2383 497 2464 Sunrunnnon,
514 2388 601 2472 quod
616 2387 728 2451 Simon
744 2389 785 2452 de
799 2389 968 2472 Ieybouru
985 2391 1149 2475 quondam
1163 2391 1284 2469 tenuit,
1302 2393 1387 2455 sicut
1401 2391 1588 2453 continetur
1603 2393 1665 2452 etc.

743 2529 873 2614 argenti
884 2551 987 2594 z-xx.
999 2531 1033 2594 ii.
1049 2531 1093 2615 vj.
1105 2554 1130 2597 e.
1148 2531 1216 2618 viij.
1227 2533 1259 2595 d.

584 2570 718 2635 summa
744 2617 911 2680 feodorum
921 2639 1007 2682 z-x.
1022 2618 1068 2683 di.
1086 2629 1120 2681 et
1135 2618 1193 2704 ηΊ·
1214 2639 1287 2704 pars
1301 2619 1326 2704 j
1342 2618 1366 2681 f.
1381 2637 1426 2681 m.

731 2952 950 3017 Hnununnuu
974 2973 1017 3017 nu
1041 2953 1295 3020 PERSHORE.

260 3180 475 3256 Cnuunerou,
500 3180 699 3256 anuurou,
724 3178 893 3256 Gerrrou,
917 3179 1082 3258 Buocrou,
1105 3178 1249 3257 Fnuvun,
1274 3178 1387 3245 Uerou
1416 3179 1594 3257 Senonum,
1612 3179 1762 3256 Porwuu,

260 3266 498 3343 Msnsnssnun,
515 3267 709 3343 honestos,
725 3273 759 3328 et
782 3265 1018 3344 Gusnnsnncn,
1046 3265 1108 3349 qne
1133 3265 1267 3330 fuerunt
1292 3265 1453 3329 Gnidonis
1468 3267 1509 3331 de
1526 3265 1616 3330 Bello
1631 3265 1764 3348 Campo,

260 3373 363 3436 nuper
378 3355 508 3416 comitis
525 3353 717 3429 Werrewioi‚
732 3355 818 3415 siout
832 3355 1020 3415 continetur
1033 3359 1095 3418 etc.

302 3493 347 3554 Et
361 3492 400 3554 de
416 3492 458 3555 xl.
468 3514 495 3556 e.
512 3492 551 3554 de
574 3490 715 3554 Roberto
738 3490 871 3554 Clifford
898 3511 956 3573 pro
980 3491 1005 3576 j.
1022 3489 1046 3555 f.
1063 3493 1098 3553 in
1127 3490 1396 3568 Snvnnunsmnn,
1424 3492 1510 3576 quod
1539 3490 1698 3554 Robertus
1723 3490 1764 3554 de

260 3577 405 3659 Clifford,
421 3585 514 3662 pater
528 3579 668 3662 predicti
684 3580 742 3660 qui
757 3598 846 3640 nunc
859 3585 920 3653 est,
934 3577 1097 3660 quondam
1113 3579 1233 3656 tenuit,
1248 3580 1334 3684 sicut
1349 3579 1537 3641 continetur
1551 3582 1617 3644 etc.

303 3720 347 3782 Et
372 3719 413 3782 de
437 3740 526 3783 xus.
554 3718 594 3780 dc
618 3714 753 3794 Thomu,
784 3716 902 3779 obbute
931 3715 972 3777 de
1003 3713 1173 3791 Pershore‚
1201 3735 1257 3796 pro
1286 3716 1331 3780 di.
1357 3715 1378 3778 t.
1408 3716 1444 3778 in
1474 3715 1646 3795 Wsnoonn
1676 3715 1763 3798 quod
1791 3673 1793 3678 V

258 3808 493 3890 predecessores
508 3806 557 3868 sui
574 3803 697 3867 dudum
713 3803 847 3866 abbates
861 3803 923 3865 loci
938 3803 1089 3885 predicti,
1100 3802 1261 3886 quondam
1276 3808 1465 3882 tenuerunt,
1476 3803 1563 3866 sicut
1577 3805 1763 3868 continetur

257 3901 319 3959 etc.

303 4033 345 4096 Et
361 4033 403 4096 de
416 4031 460 4096 xl.
468 4055 494 4096 c.
509 4030 550 4093 de
577 4028 727 4093 Johnnne
750 4028 792 4092 de
816 4027 908 4090 Bello
934 4026 1057 4110 Campo
1083 4048 1141 4111 pro
1160 4026 1188 4111 j.
1206 4028 1229 4092 f.
1257 4029 1293 4089 iu
1319 4027 1495 4105 Beneuen,
1515 4033 1589 4112 (que
1614 4034 1763 4092 mutetur

259 4121 460 4187 Bnounnnuu
475 4121 510 4181 in
525 4118 668 4201 antiquis
683 4116 859 4180 evidenciis
874 4115 1106 4193 interiiuected)
1124 4115 1210 4197 quod
1226 4114 1463 4197 predecessores
1479 4114 1620 4197 predicti
1636 4115 1762 4180 obbatis

258 4211 314 4292 qui
329 4227 416 4271 nunc
432 4212 493 4283 est,
509 4206 674 4290 quondum
689 4210 874 4280 tenuerunt,
888 4203 973 4265 sicut
987 4203 1175 4265 continetur
1189 4208 1250 4266 etc.

303 4346 348 4407 Et
362 4345 403 4407 de
419 4365 470 4408 ux.
480 4365 506 4407 r.
522 4343 563 4405 de
578 4342 720 4427 Hugone
734 4341 774 4404 de
789 4339 933 4422 Oolresey
948 4361 1006 4424 pro
1021 4340 1067 4403 di.
1083 4339 1107 4404 f.
1123 4340 1157 4401 in
1176 4339 1384 4418 Gonnuoorn,
1411 4338 1496 4423 quod
1523 4339 1761 4423 predecessores

256 4432 380 4496 dudum
395 4430 528 4494 abbates
543 4430 605 4492 loci
621 4427 761 4512 predicti
776 4428 940 4511 quondam
956 4431 1146 4506 tenuerunt,
1164 4427 1250 4490 sicut
1266 4427 1452 4490 continetur
1466 4434 1528 4492 etc.

301 4571 346 4633 Et
359 4568 400 4632 de
417 4591 467 4633 rr.
478 4591 505 4632 r.
521 4567 561 4629 de
587 4563 738 4630 Johnnne
763 4564 804 4627 de
830 4563 967 4627 Grafton
994 4583 1052 4648 pro
1066 4563 1111 4628 di.
1130 4564 1153 4628 f.
1172 4565 1205 4625 in
1223 4563 1391 4642 Gerruou,
1409 4564 1495 4648 quod
1513 4564 1705 4629 Edmundus
1720 4565 1760 4631 de

258 4658 396 4721 Grofton
411 4656 574 4739 quondam
589 4654 712 4729 tenuit,
726 4653 812 4715 sicut
826 4653 1013 4715 continetur
1029 4656 1092 4716 etc.

302 4795 345 4856 Et
359 4795 400 4858 de
415 4794 458 4856 xl.
469 4813 495 4857 s.
511 4791 552 4856 de
577 4791 725 4856 Johoune
752 4789 890 4874 Segrave
916 4809 974 4873 pro
998 4789 1023 4874 j.
1039 4788 1062 4855 f.
1079 4791 1112 4852 in
1141 4790 1257 4854 Nonuu
1284 4789 1423 4866 Pronnn,
1439 4791 1525 4873 quod
1543 4791 1699 4856 Henricus
1714 4795 1755 4858 de

258 4881 398 4966 Segreve
412 4901 516 4964 nuper
531 4880 651 4956 tenuit,
666 4879 752 4941 sicut
765 4878 951 4940 continetur
966 4882 1030 4942 etc.

301 5017 347 5082 Et
360 5018 399 5080 de
414 5016 520 5102 iiij.li.
537 5015 577 5078 de
602 5015 730 5099 Agnete
756 5013 872 5076 Russel
898 5033 955 5096 pro
981 5013 1106 5076 duobus
1129 5012 1151 5077 f.
1183 5013 1219 5076 in
1249 5011 1506 5091 Sunnuonsuru,
1532 5035 1594 5097 que
1620 5017 1758 5083 Jacobus

258 5105 373 5169 Russel
387 5124 488 5187 nuper
503 5103 627 5179 tenuit,
640 5103 727 5165 sient
741 5100 928 5164 continetur
942 5104 1005 5165 etc.

301 5245 346 5306 Et
359 5243 401 5306 de
416 5263 447 5307 x.
456 5261 484 5306 s.
500 5241 540 5303 de
554 5239 696 5303 Roberto
710 5237 905 5326 Mucbegros
919 5259 976 5322 pro
991 5242 1108 5323 quarte
1122 5241 1215 5320 purte
1226 5236 1254 5320 j.
1270 5238 1294 5302 t.
1311 5259 1356 5304 m.
1372 5239 1406 5301 in
1416 5239 1661 5321 Wonsesunnn‚
1672 5246 1758 5328 quod

258 5329 441 5394 Willelmus
455 5327 650 5415 Mucbegros
664 5326 828 5411 quondum
843 5329 965 5406 tenuit,
981 5327 1068 5389 siout
1082 5324 1268 5388 continetur
1282 5331 1347 5391 eto.

322 5465 386 5514 6981
1669 5465 1694 5518 U
