4092 6117
303 558 367 623 274
918 550 1189 622 WILTSHIRE.

346 847 510 913 Johannea
539 848 690 927 Osebern,
720 852 755 912 et
786 847 888 911 Alioia
917 867 997 910 uxor
1033 847 1115 932 ejus,
1152 851 1268 911 tenent
1298 848 1487 911 immediate
1523 851 1613 911 certa
1640 853 1741 912 terras
1770 853 1805 913 et

303 942 492 1000 tenementa
519 937 555 999 in
586 937 701 1003 Ursou
730 936 944 1013 Flaccorum,
974 955 1037 1018 que
1066 954 1169 1018 nuper
1205 935 1337 1000 inerunt
1374 933 1516 997 Simonis
1545 935 1586 1000 dc
1613 935 1724 1016 Pareo,
1762 937 1805 1001 de

303 1024 475 1087 heredibus
490 1022 613 1087 'rhome
628 1024 769 1106 Reynes,
782 1024 949 1105 armigeri,
964 1043 1022 1104 per
1038 1025 1174 1085 terciam
1190 1027 1316 1105 partem
1332 1042 1387 1087 un.
1403 1020 1427 1086 i.
1443 1044 1489 1087 m.

346 1161 501 1224 Priorissa
525 1163 566 1224 de
589 1160 763 1224 Dertesord
788 1165 878 1222 tenet
905 1159 1094 1222 immediate
1119 1159 1161 1221 de
1186 1179 1263 1243 rege
1287 1165 1376 1222 certa
1403 1163 1503 1222 terras
1517 1167 1550 1222 et
1568 1165 1754 1224 tenemento
1767 1164 1803 1226 in

303 1249 597 1400 §papoquBrvauu
614 1268 675 1333 que
697 1267 799 1331 nuper
824 1248 956 1310 fuerunt
983 1246 1101 1331 Rogeri
1128 1246 1255 1309 Bavent
1279 1268 1334 1329 per
1354 1247 1398 1310 di.
1415 1246 1438 1311 f.
1456 1253 1490 1310 et
1505 1255 1654 1331 quartam
1678 1255 1802 1333 partem

345 1472 517 1535 Abbatisaa
541 1470 715 1538 Shaitonie
738 1474 829 1534 tenet
854 1469 1047 1533 immediate
1071 1468 1111 1532 de
1136 1441 1214 1554 rege
1245 1475 1333 1532 certa
1360 1477 1461 1533 terras
1490 1477 1525 1534 et
1552 1477 1737 1538 tenemento
1766 1475 1802 1537 in

301 1559 516 1637 Douuuorou,
534 1581 596 1645 que
610 1579 712 1642 nuper
725 1556 858 1621 luerunt
872 1556 1033 1620 abbatisse
1050 1557 1233 1634 Shaftonie,
1248 1557 1282 1619 in
1299 1577 1414 1640 puram
1430 1557 1641 1622 elemosinam
1657 1569 1691 1622 et
1706 1561 1801 1625 solvit

301 1647 453 1726 decimas,
467 1646 596 1730 quando
610 1647 737 1709 decime
751 1652 896 1709 currunt.

341 1783 507 1848 Johannes
522 1782 677 1866 Waspaill
691 1787 783 1846 tenet
797 1782 990 1844 immediate
1006 1785 1095 1844 certa
1110 1790 1212 1844 terras
1227 1786 1262 1844 et
1286 1787 1472 1845 tenementa
1496 1785 1532 1846 in
1559 1784 1736 1852 Summos
1761 1787 1801 1852 de

301 1873 422 1935 comite
437 1871 621 1948 Staffcrdie,
637 1891 699 1956 qne
713 1890 817 1954 nuper
831 1869 966 1932 fuerunt
980 1868 1141 1932 Johaunis
1158 1867 1322 1950 Warpaill,
1339 1889 1394 1952 per
1409 1869 1453 1932 di.
1469 1871 1491 1933 f.
1507 1892 1552 1936 m.

345 2006 535 2072 Elisabetha
559 2010 626 2093 Lye
647 2013 739 2072 tenet
764 2008 942 2070 inmediaie
964 2008 998 2068 in
1022 2007 1139 2072 Nouio
1154 2007 1195 2070 de
1209 2009 1330 2070 comite
1358 2007 1534 2073 Sarisburie
1549 2017 1637 2074 certa
1651 2019 1752 2078 terras
1767 2022 1802 2079 et

300 2102 501 2177 tenementa,
517 2117 579 2180 qne
592 2117 697 2180 nuper
711 2096 842 2161 fuerunt
858 2094 989 2157 Ricardi
1005 2096 1046 2158 dc
1062 2094 1218 2179 Penlegh,
1235 2115 1289 2178 per
1304 2095 1348 2158 di.
1365 2095 1387 2159 f.
1405 2117 1450 2160 m.

345 2232 520 2297 Nicholaua
534 2233 652 2310 Dinon,
665 2232 812 2310 clericus,
826 2237 919 2297 tenet
941 2232 982 2294 de
1008 2252 1085 2316 rege
1108 2231 1150 2294 ad
1174 2231 1300 2294 firmam
1325 2237 1413 2296 ceria
1437 2239 1537 2296 terras
1552 2239 1585 2298 et
1600 2240 1799 2318 tenementa,

301 2342 365 2406 que
387 2341 491 2404 nuper
515 2320 646 2384 fuerunt
671 2319 800 2383 abbatis
826 2321 866 2382 de
890 2319 995 2382 Fonte
1021 2319 1118 2395 Neto,
1142 2320 1176 2381 in
1209 2320 1423 2397 Muccurum,
1454 2321 1618 2405 quondam
1648 2325 1801 2406 percellas

300 2410 462 2559 ppr'rqqlalpps
476 2408 517 2471 de
533 2406 774 2491 Brymmesield
789 2406 975 2508 alienigeni,
990 2410 1026 2470 et
1042 2406 1139 2470 solvit
1155 2407 1299 2469 decimae
1313 2427 1372 2489 pro
1387 2407 1523 2486 eisdem,
1534 2410 1661 2492 quando
1676 2411 1801 2510 decime

344 2635 508 2698 Walterus
537 2631 758 2716 Huugerford,
786 2632 939 2710 chivaler,
968 2632 1120 2695 dominus
1159 2632 1379 2715 Hungeriord,
1408 2639 1502 2698 tenet
1538 2637 1728 2702 immediate
1763 2641 1800 2704 in

303 2724 432 2791 Somou
456 2721 578 2787 Maeui
603 2720 644 2782 de
669 2718 842 2783 heredibus
866 2719 1017 2783 Nicholai
1048 2719 1172 2803 Moleys
1202 2727 1290 2782 certa
1316 2726 1417 2785 terrae
1446 2731 1481 2784 et
1513 2729 1711 2803 tenemento,
1736 2748 1801 2812 que

299 2831 404 2894 nuper
417 2810 550 2872 luerunt
566 2807 695 2871 Ricardi
710 2808 750 2870 de
765 2807 926 2891 Tournay,
942 2827 999 2890 per
1014 2806 1059 2872 di.
1075 2807 1099 2872 f.
1115 2815 1149 2870 et
1164 2807 1263 2893 iiijem
1279 2815 1406 2891 partem
1422 2830 1477 2875 un.
1492 2808 1516 2875 f.
1533 2833 1578 2876 m.

342 2945 488 3030 Rogerns
511 2943 636 3007 Gonter
659 2948 753 3006 tenet
776 2944 953 3006 inmediate
977 2947 1066 3006 certa
1091 2947 1192 3007 terras
1217 2949 1251 3007 et
1266 2951 1452 3009 tenementa
1467 2947 1500 3009 in
1519 2947 1649 3014 Suruou
1664 2949 1800 3031 Maeui,

296 3054 375 3185 qpef
384 3052 485 3114 nuper
507 3030 640 3094 fuerunt
666 3029 830 3114 Radulphi
857 3030 898 3093 de
925 3030 1142 3136 Middel(to)n
1169 3031 1209 3095 de
1233 3029 1406 3095 heredibus
1429 3033 1580 3097 Nicholai
1596 3035 1724 3116 Moleis,
1740 3059 1800 3121 per

334 3167 343 3184 .
374 3141 443 3185 .m.

341 3257 497 3320 Priorism
521 3255 562 3318 de
587 3253 744 3339 Stodlegh
770 3260 861 3317 tenet
884 3253 1076 3318 immediate
1098 3253 1139 3318 de
1161 3275 1236 3338 rege
1263 3262 1351 3320 certa
1377 3263 1479 3322 terras
1506 3266 1540 3322 et
1555 3265 1746 3326 tenementa
1762 3264 1797 3326 in

299 3345 487 3449 coaetanei,
504 3362 567 3428 que
581 3362 686 3424 nuper
700 3345 833 3405 fuerunt
847 3378 1034 3418 ——,
1048 3363 1103 3425 per
1118 3343 1163 3407 di.
1179 3343 1202 3405 f.
1219 3363 1264 3409 m.

341 3483 363 3547 J
364 3483 504 3546 ohannes
518 3479 635 3543 Poulet
649 3484 742 3544 tenet
755 3480 946 3543 immediate
962 3481 997 3541 in
1013 3481 1224 3546 Frssmaros
1241 3489 1327 3545 certa
1343 3486 1445 3547 terras
1459 3488 1494 3547 et
1508 3489 1705 3564 tenementa‚
1733 3507 1796 3571 que

297 3591 402 3652 nuper
425 3568 557 3631 fuerunt
584 3566 742 3631 Johannis
766 3566 894 3650 Bydyk,
919 3565 1076 3630 heredum
1102 3566 1227 3631 Thome
1242 3568 1283 3631 de
1298 3569 1437 3650 Norton,
1463 3577 1497 3634 et
1514 3571 1668 3636 heredum
1684 3572 1796 3638 Briani

299 3656 458 3739 Sauffray,
473 3676 528 3738 per
541 3654 587 3720 di.
604 3656 628 3721 f.
644 3676 691 3719 m.
708 3655 748 3717 de
762 3653 938 3717 heredibus
953 3653 1087 3718 Roberti
1102 3655 1140 3718 de
1156 3655 1351 3741 Mursegroe.

341 3794 481 3857 Thomas
510 3791 714 3874 Kyngestou,
745 3791 852 3870 miles,
882 3797 975 3854 tenet
1003 3793 1197 3856 immediate
1227 3795 1261 3855 in
1296 3795 1425 3861 Sunion
1464 3795 1572 3860 Pinus
1601 3802 1635 3860 et
1666 3797 1795 3866 Sumou

299 3881 421 3947 Maeui
445 3883 533 3943 certa
558 3884 659 3941 terras
682 3884 718 3943 et
740 3883 940 3956 tenementa,
954 3900 1016 3963 que
1042 3899 1146 3963 nuper
1172 3881 1306 3944 luerunt
1329 3882 1453 3945 Thome
1479 3882 1520 3946 de
1546 3882 1735 3968 Kyngeston
1762 3894 1796 3950 et

298 3968 454 4031 Willelmi
469 3967 510 4029 de
526 3966 677 4044 Wautcn,
693 3966 735 4030 de
749 3966 923 4029 heredibus
938 3966 1078 4030 Walteri
1093 3967 1264 4052 Lymeeey‚
1282 3989 1337 4052 per
1351 3971 1522 4033 servicium
1539 3991 1594 4036 un.
1609 3972 1633 4036 f.
1648 3993 1693 4037 m.

341 4103 526 4167 Willelmue
550 4103 764 4186 Haryngdon,
791 4103 945 4182 chivaler,
971 4111 1006 4168 et
1031 4106 1182 4168 Alienora
1206 4127 1285 4169 uxor
1309 4107 1391 4191 ejus,
1414 4116 1531 4170 tenent
1558 4108 1747 4172 immediate
1761 4111 1796 4174 in

297 4195 594 4260 Bmsnornsaucwn
616 4197 650 4253 et
671 4191 810 4257 Buurou
823 4200 912 4255 certa
926 4198 1028 4255 terras
1042 4200 1076 4255 et
1092 4201 1291 4272 tenemento,
1308 4215 1369 4278 que
1384 4214 1486 4278 nuper
1501 4196 1634 4258 fuerunt
1648 4195 1678 4258 N
1680 4195 1798 4262 ioholai

297 4281 481 4356 Delamare,
495 4279 536 4342 de
550 4277 571 4340 J
573 4276 701 4341 ohanne
718 4278 836 4360 Grene,
852 4281 1025 4364 armigero,
1042 4301 1098 4364 per
1113 4281 1248 4344 terciam
1263 4291 1388 4365 partem
1403 4301 1459 4346 un.
1475 4282 1497 4347 f.
1513 4304 1557 4348 m.

344 4417 527 4481 Willelmue
542 4416 723 4500 Fyndeme,
737 4423 773 4481 et
787 4453 974 4494 --,
987 4438 1069 4480 uxor
1097 4419 1179 4502 ejus,
1193 4423 1306 4482 tenent
1333 4419 1513 4490 inmediate
1539 4425 1626 4484 certa
1647 4426 1749 4486 terras
1765 4429 1800 4488 et

297 4514 497 4581 tenementa,
525 4525 588 4587 que
624 4524 727 4586 nuper
763 4504 897 4567 suerunt
932 4505 1056 4568 'rhome
1092 4505 1300 4590 Kyngeston,
1332 4508 1367 4568 in
1405 4507 1513 4571 Psuvl
1551 4506 1729 4574 Consanos
1757 4511 1798 4574 de

296 4593 467 4658 heredibus
481 4591 652 4677 Reginaldi
667 4593 708 4654 de
723 4591 860 4669 Mohuu,
874 4613 930 4674 per
944 4594 1095 4677 quintam
1110 4603 1237 4676 partem
1252 4613 1307 4656 un.
1323 4595 1346 4658 f.
1361 4614 1407 4658 m.

342 4733 465 4795 Dicunt
487 4730 626 4794 ulterius
650 4731 790 4814 predicti
814 4732 975 4815 juratores
999 4733 1088 4814 quod
1111 4751 1174 4796 non
1204 4739 1281 4796 suut
1305 4733 1367 4797 alie
1393 4753 1529 4817 persone
1558 4734 1626 4796 sive
1651 4740 1801 4800 tenentes

298 4822 384 4884 infra
413 4816 622 4881 hundredum
651 4819 837 4901 predictum
869 4821 980 4883 seieite
1010 4824 1044 4882 in
1076 4820 1242 4883 dominico
1272 4841 1330 4883 suo
1354 4821 1544 4885 immediate
1571 4827 1610 4882 ut
1639 4821 1802 4888 delibero

297 4914 497 4982 tenemento,
510 4905 597 4968 unde
611 4907 726 4969 eedem
750 4926 882 4988 persone
903 4908 972 4971 sive
996 4912 1146 4970 tenentes
1171 4910 1405 4991 possessionnte
1432 4911 1588 4988 existunt,
1603 4910 1663 4992 qui
1685 4916 1803 4975 tenent

298 5016 356 5079 per
369 4995 536 5078 integrum
552 4993 682 5056 feodum
699 4992 828 5070 militia,
844 4993 1068 5072 medietatem,
1083 4995 1233 5073 terciam,
1249 4995 1300 5058 vel
1316 5000 1477 5082 quartam,
1493 5002 1621 5080 partem
1641 5017 1697 5061 un.
1714 4997 1737 5062 f.
1752 5019 1798 5065 m.

299 5082 464 5146 inclusive.

342 5217 382 5281 In
395 5217 491 5302 cujus
503 5217 553 5280 rei
567 5217 793 5282 testimonium
809 5221 873 5281 eto.
936 5305 943 5321 .
