<?xml version="1.0" encoding="UTF-8"?>
<!DOCTYPE html PUBLIC "-//W3C//DTD XHTML 1.0 Transitional//EN"
    "http://www.w3.org/TR/xhtml1/DTD/xhtml1-transitional.dtd">
<html xmlns="http://www.w3.org/1999/xhtml" xml:lang="en" lang="en">
 <head>
  <title>
</title>
<meta http-equiv="Content-Type" content="text/html;charset=utf-8" />
  <meta name='ocr-system' content='tesseract 3.04.00' />
  <meta name='ocr-capabilities' content='ocr_page ocr_carea ocr_par ocr_line ocrx_word'/>
</head>
<body>
  <div class='ocr_page' id='page_1' title='image "./inquisitionsand03offigoog_0265.png"; bbox 0 0 4092 6117; ppageno 0'>
   <div class='ocr_carea' id='block_1_1' title="bbox 888 563 1744 632">
    <p class='ocr_par' dir='ltr' id='par_1_1' title="bbox 888 563 1744 632">
     <span class='ocr_line' id='line_1_1' title="bbox 888 563 1744 632; baseline -0.001 -1"><span class='ocrx_word' id='word_1_1' title='bbox 888 563 979 632; x_wconf 67' lang='lat' dir='ltr'><strong>ab.</strong></span> <span class='ocrx_word' id='word_1_2' title='bbox 1003 565 1100 632; x_wconf 75' lang='lat' dir='ltr'><strong>uas.</strong></span> <span class='ocrx_word' id='word_1_3' title='bbox 1681 566 1744 630; x_wconf 80' lang='lat'><strong>249</strong></span> 
     </span>
    </p>
   </div>
   <div class='ocr_carea' id='block_1_2' title="bbox 193 850 1747 1112">
    <p class='ocr_par' dir='ltr' id='par_1_2' title="bbox 193 850 1747 1112">
     <span class='ocr_line' id='line_1_2' title="bbox 193 850 1746 940; baseline 0.001 -24"><span class='ocrx_word' id='word_1_4' title='bbox 193 921 202 940; x_wconf 55' lang='grc'>,</span> <span class='ocrx_word' id='word_1_5' title='bbox 283 850 485 936; x_wconf 75' lang='lat' dir='ltr'><strong>Reginaldus</strong></span> <span class='ocrx_word' id='word_1_6' title='bbox 500 853 606 932; x_wconf 90' lang='lat' dir='ltr'><strong>West,</strong></span> <span class='ocrx_word' id='word_1_7' title='bbox 623 854 730 934; x_wconf 84' lang='lat' dir='ltr'><strong>miles,</strong></span> <span class='ocrx_word' id='word_1_8' title='bbox 747 853 900 922; x_wconf 90' lang='lat' dir='ltr'><strong>dominus</strong></span> <span class='ocrx_word' id='word_1_9' title='bbox 923 856 965 920; x_wconf 89' lang='lat' dir='ltr'><strong>de</strong></span> <span class='ocrx_word' id='word_1_10' title='bbox 988 856 1021 920; x_wconf 91' lang='lat' dir='ltr'><strong>la</strong></span> <span class='ocrx_word' id='word_1_11' title='bbox 1046 857 1169 936; x_wconf 85' lang='lat' dir='ltr'><strong>Warre,</strong></span> <span class='ocrx_word' id='word_1_12' title='bbox 1196 859 1289 921; x_wconf 88' lang='lat' dir='ltr'><strong>tenet</strong></span> <span class='ocrx_word' id='word_1_13' title='bbox 1318 855 1508 920; x_wconf 78' lang='lat' dir='ltr'><strong>immediate</strong></span> <span class='ocrx_word' id='word_1_14' title='bbox 1531 854 1573 918; x_wconf 92' lang='lat' dir='ltr'><strong>de</strong></span> <span class='ocrx_word' id='word_1_15' title='bbox 1596 872 1685 939; x_wconf 80' lang='lat' dir='ltr'><strong>rege,</strong></span> <span class='ocrx_word' id='word_1_16' title='bbox 1712 854 1746 917; x_wconf 89' lang='lat' dir='ltr'><strong>in</strong></span> 
     </span>
     <span class='ocr_line' id='line_1_3' title="bbox 244 939 1747 1029; baseline -0.001 -22"><span class='ocrx_word' id='word_1_17' title='bbox 244 939 434 1007; x_wconf 74' lang='lat' dir='ltr'><strong>Sumrroao</strong></span> <span class='ocrx_word' id='word_1_18' title='bbox 461 942 564 1021; x_wconf 78' lang='lat' dir='ltr'><strong>Touv,</strong></span> <span class='ocrx_word' id='word_1_19' title='bbox 589 948 678 1006; x_wconf 88' lang='lat' dir='ltr'><strong>certa</strong></span> <span class='ocrx_word' id='word_1_20' title='bbox 707 950 809 1006; x_wconf 91' lang='lat' dir='ltr'><strong>terras</strong></span> <span class='ocrx_word' id='word_1_21' title='bbox 837 949 869 1006; x_wconf 92' lang='lat' dir='ltr'><strong>et</strong></span> <span class='ocrx_word' id='word_1_22' title='bbox 899 949 1099 1024; x_wconf 80' lang='lat' dir='ltr'><strong>tenemento,</strong></span> <span class='ocrx_word' id='word_1_23' title='bbox 1127 966 1191 1029; x_wconf 92' lang='lat' dir='ltr'><strong>que</strong></span> <span class='ocrx_word' id='word_1_24' title='bbox 1222 964 1329 1028; x_wconf 85' lang='lat' dir='ltr'>nuper</span> <span class='ocrx_word' id='word_1_25' title='bbox 1358 945 1491 1007; x_wconf 81' lang='lat' dir='ltr'><strong>suerunt</strong></span> <span class='ocrx_word' id='word_1_26' title='bbox 1519 943 1678 1006; x_wconf 88' lang='lat' dir='ltr'><strong>Johannis</strong></span> <span class='ocrx_word' id='word_1_27' title='bbox 1706 942 1747 1005; x_wconf 90' lang='lat' dir='ltr'><strong>de</strong></span> 
     </span>
     <span class='ocr_line' id='line_1_4' title="bbox 240 1025 859 1112; baseline 0.01 -23"><span class='ocrx_word' id='word_1_28' title='bbox 240 1025 437 1112; x_wconf 86' lang='lat' dir='ltr'><strong>Benehamp,</strong></span> <span class='ocrx_word' id='word_1_29' title='bbox 453 1048 511 1111; x_wconf 90' lang='lat' dir='ltr'><strong>per</strong></span> <span class='ocrx_word' id='word_1_30' title='bbox 526 1030 700 1093; x_wconf 79' lang='lat' dir='ltr'><strong>servicium</strong></span> <span class='ocrx_word' id='word_1_31' title='bbox 714 1030 759 1095; x_wconf 89' lang='lat' dir='ltr'><strong>di.</strong></span> <span class='ocrx_word' id='word_1_32' title='bbox 775 1030 798 1096; x_wconf 88' lang='lat' dir='ltr'><strong>i.</strong></span> <span class='ocrx_word' id='word_1_33' title='bbox 815 1052 859 1097; x_wconf 93' lang='lat' dir='ltr'><strong>m.</strong></span> 
     </span>
    </p>
   </div>
   <div class='ocr_carea' id='block_1_3' title="bbox 237 1163 1747 1426">
    <p class='ocr_par' dir='ltr' id='par_1_3' title="bbox 237 1163 1747 1426">
     <span class='ocr_line' id='line_1_5' title="bbox 283 1163 1747 1250; baseline 0.003 -24"><span class='ocrx_word' id='word_1_34' title='bbox 283 1163 390 1229; x_wconf 89' lang='lat' dir='ltr'><strong>David</strong></span> <span class='ocrx_word' id='word_1_35' title='bbox 420 1163 625 1250; x_wconf 83' lang='lat' dir='ltr'><strong>Cervyngton</strong></span> <span class='ocrx_word' id='word_1_36' title='bbox 657 1174 693 1231; x_wconf 92' lang='lat' dir='ltr'><strong>ct</strong></span> <span class='ocrx_word' id='word_1_37' title='bbox 720 1167 888 1232; x_wconf 89' lang='lat' dir='ltr'><strong>Johannes</strong></span> <span class='ocrx_word' id='word_1_38' title='bbox 916 1168 1079 1233; x_wconf 82' lang='lat' dir='ltr'><strong>Brenlsele</strong></span> <span class='ocrx_word' id='word_1_39' title='bbox 1115 1175 1233 1233; x_wconf 88' lang='lat' dir='ltr'><strong>tenent</strong></span> <span class='ocrx_word' id='word_1_40' title='bbox 1270 1169 1462 1232; x_wconf 82' lang='lat' dir='ltr'><strong>immediate</strong></span> <span class='ocrx_word' id='word_1_41' title='bbox 1496 1167 1536 1232; x_wconf 91' lang='lat' dir='ltr'><strong>de</strong></span> <span class='ocrx_word' id='word_1_42' title='bbox 1572 1166 1747 1232; x_wconf 79' lang='lat' dir='ltr'><strong>heredibus</strong></span> 
     </span>
     <span class='ocr_line' id='line_1_6' title="bbox 237 1251 1746 1339; baseline 0.003 -25"><span class='ocrx_word' id='word_1_43' title='bbox 237 1251 365 1316; x_wconf 91' lang='lat' dir='ltr'><strong>domini</strong></span> <span class='ocrx_word' id='word_1_44' title='bbox 390 1253 432 1316; x_wconf 90' lang='lat' dir='ltr'><strong>de</strong></span> <span class='ocrx_word' id='word_1_45' title='bbox 458 1253 581 1337; x_wconf 83' lang='lat' dir='ltr'><strong>Nevyle</strong></span> <span class='ocrx_word' id='word_1_46' title='bbox 604 1255 638 1317; x_wconf 90' lang='lat' dir='ltr'><strong>in</strong></span> <span class='ocrx_word' id='word_1_47' title='bbox 666 1255 837 1321; x_wconf 78' lang='lat' dir='ltr'><strong>Haauusu</strong></span> <span class='ocrx_word' id='word_1_48' title='bbox 863 1260 957 1320; x_wconf 89' lang='lat' dir='ltr'><strong>certa</strong></span> <span class='ocrx_word' id='word_1_49' title='bbox 981 1266 1084 1320; x_wconf 86' lang='lat' dir='ltr'><strong>terres</strong></span> <span class='ocrx_word' id='word_1_50' title='bbox 1111 1263 1145 1320; x_wconf 90' lang='lat' dir='ltr'><strong>et</strong></span> <span class='ocrx_word' id='word_1_51' title='bbox 1172 1262 1372 1336; x_wconf 74' lang='lat' dir='ltr'><strong>tenemente,</strong></span> <span class='ocrx_word' id='word_1_52' title='bbox 1398 1277 1462 1339; x_wconf 90' lang='lat' dir='ltr'><strong>que</strong></span> <span class='ocrx_word' id='word_1_53' title='bbox 1488 1276 1592 1339; x_wconf 87' lang='lat' dir='ltr'>nuper</span> <span class='ocrx_word' id='word_1_54' title='bbox 1612 1257 1746 1320; x_wconf 85' lang='lat' dir='ltr'><strong>luerunt</strong></span> 
     </span>
     <span class='ocr_line' id='line_1_7' title="bbox 242 1337 1089 1426; baseline 0.009 -25"><span class='ocrx_word' id='word_1_55' title='bbox 242 1337 364 1403; x_wconf 90' lang='lat' dir='ltr'><strong>Oliveri</strong></span> <span class='ocrx_word' id='word_1_56' title='bbox 379 1339 420 1404; x_wconf 87' lang='lat' dir='ltr'><strong>de</strong></span> <span class='ocrx_word' id='word_1_57' title='bbox 434 1340 654 1426; x_wconf 83' lang='lat' dir='ltr'><strong>Cervyngton,</strong></span> <span class='ocrx_word' id='word_1_58' title='bbox 670 1363 727 1426; x_wconf 92' lang='lat' dir='ltr'><strong>per</strong></span> <span class='ocrx_word' id='word_1_59' title='bbox 742 1345 914 1406; x_wconf 75' lang='lat' dir='ltr'><strong>servicium</strong></span> <span class='ocrx_word' id='word_1_60' title='bbox 930 1364 986 1409; x_wconf 88' lang='lat' dir='ltr'><strong>un.</strong></span> <span class='ocrx_word' id='word_1_61' title='bbox 1002 1344 1028 1409; x_wconf 85' lang='lat' dir='ltr'><strong>i.</strong></span> <span class='ocrx_word' id='word_1_62' title='bbox 1044 1366 1089 1411; x_wconf 92' lang='lat' dir='ltr'><strong>m.</strong></span> 
     </span>
    </p>
   </div>
   <div class='ocr_carea' id='block_1_4' title="bbox 239 1476 1747 1740">
    <p class='ocr_par' dir='ltr' id='par_1_4' title="bbox 239 1476 1747 1740">
     <span class='ocr_line' id='line_1_8' title="bbox 282 1476 1747 1567; baseline 0.003 -28"><span class='ocrx_word' id='word_1_63' title='bbox 282 1476 448 1541; x_wconf 86' lang='lat' dir='ltr'><strong>Walterus</strong></span> <span class='ocrx_word' id='word_1_64' title='bbox 477 1479 677 1543; x_wconf 88' lang='lat' dir='ltr'><strong>Paunceiote</strong></span> <span class='ocrx_word' id='word_1_65' title='bbox 707 1486 742 1545; x_wconf 84' lang='lat' dir='ltr'><strong>et</strong></span> <span class='ocrx_word' id='word_1_66' title='bbox 771 1481 934 1544; x_wconf 87' lang='lat' dir='ltr'><strong>Johannes</strong></span> <span class='ocrx_word' id='word_1_67' title='bbox 964 1483 1086 1567; x_wconf 88' lang='lat' dir='ltr'><strong>Hugon</strong></span> <span class='ocrx_word' id='word_1_68' title='bbox 1117 1486 1232 1546; x_wconf 90' lang='lat' dir='ltr'><strong>tenent</strong></span> <span class='ocrx_word' id='word_1_69' title='bbox 1261 1481 1463 1558; x_wconf 81' lang='lat' dir='ltr'><strong>immediate,</strong></span> <span class='ocrx_word' id='word_1_70' title='bbox 1495 1480 1536 1544; x_wconf 90' lang='lat' dir='ltr'><strong>de</strong></span> <span class='ocrx_word' id='word_1_71' title='bbox 1573 1479 1747 1544; x_wconf 81' lang='lat' dir='ltr'><strong>heredibus</strong></span> 
     </span>
     <span class='ocr_line' id='line_1_9' title="bbox 241 1565 1745 1652; baseline 0.001 -24"><span class='ocrx_word' id='word_1_72' title='bbox 241 1565 374 1629; x_wconf 88' lang='lat' dir='ltr'><strong>Roberti</strong></span> <span class='ocrx_word' id='word_1_73' title='bbox 390 1565 490 1645; x_wconf 88' lang='lat' dir='ltr'><strong>More,</strong></span> <span class='ocrx_word' id='word_1_74' title='bbox 506 1567 541 1628; x_wconf 93' lang='lat' dir='ltr'><strong>in</strong></span> <span class='ocrx_word' id='word_1_75' title='bbox 557 1568 748 1646; x_wconf 82' lang='lat' dir='ltr'><strong>Buurroao,</strong></span> <span class='ocrx_word' id='word_1_76' title='bbox 764 1574 853 1632; x_wconf 88' lang='lat' dir='ltr'><strong>certa</strong></span> <span class='ocrx_word' id='word_1_77' title='bbox 868 1574 968 1634; x_wconf 87' lang='lat' dir='ltr'><strong>terras</strong></span> <span class='ocrx_word' id='word_1_78' title='bbox 983 1577 1018 1633; x_wconf 92' lang='lat' dir='ltr'><strong>et</strong></span> <span class='ocrx_word' id='word_1_79' title='bbox 1033 1577 1235 1650; x_wconf 85' lang='lat' dir='ltr'><strong>tenemento,</strong></span> <span class='ocrx_word' id='word_1_80' title='bbox 1252 1589 1315 1652; x_wconf 90' lang='lat' dir='ltr'><strong>que</strong></span> <span class='ocrx_word' id='word_1_81' title='bbox 1339 1588 1443 1651; x_wconf 90' lang='lat' dir='ltr'><strong>nuper</strong></span> <span class='ocrx_word' id='word_1_82' title='bbox 1463 1569 1596 1632; x_wconf 86' lang='lat' dir='ltr'><strong>fuerunt</strong></span> <span class='ocrx_word' id='word_1_83' title='bbox 1611 1567 1745 1632; x_wconf 88' lang='lat' dir='ltr'><strong>Henrici</strong></span> 
     </span>
     <span class='ocr_line' id='line_1_10' title="bbox 239 1651 1086 1740; baseline 0.009 -26"><span class='ocrx_word' id='word_1_84' title='bbox 239 1652 280 1716; x_wconf 91' lang='lat' dir='ltr'><strong>de</strong></span> <span class='ocrx_word' id='word_1_85' title='bbox 295 1651 404 1736; x_wconf 82' lang='lat' dir='ltr'><strong>Iluyn,</strong></span> <span class='ocrx_word' id='word_1_86' title='bbox 420 1675 481 1736; x_wconf 90' lang='lat' dir='ltr'><strong>per</strong></span> <span class='ocrx_word' id='word_1_87' title='bbox 496 1657 668 1718; x_wconf 79' lang='lat' dir='ltr'><strong>servicium</strong></span> <span class='ocrx_word' id='word_1_88' title='bbox 683 1661 798 1739; x_wconf 88' lang='lat' dir='ltr'><strong>quarte</strong></span> <span class='ocrx_word' id='word_1_89' title='bbox 814 1657 917 1740; x_wconf 90' lang='lat' dir='ltr'><strong>partis</strong></span> <span class='ocrx_word' id='word_1_90' title='bbox 932 1678 987 1722; x_wconf 90' lang='lat' dir='ltr'><strong>nn.</strong></span> <span class='ocrx_word' id='word_1_91' title='bbox 1003 1657 1024 1723; x_wconf 85' lang='lat' dir='ltr'><strong>f.</strong></span> <span class='ocrx_word' id='word_1_92' title='bbox 1042 1679 1086 1723; x_wconf 93' lang='lat' dir='ltr'><strong>m.</strong></span> 
     </span>
    </p>
   </div>
   <div class='ocr_carea' id='block_1_5' title="bbox 241 1788 1747 2141">
    <p class='ocr_par' dir='ltr' id='par_1_5' title="bbox 241 1788 1747 2141">
     <span class='ocr_line' id='line_1_11' title="bbox 284 1788 1747 1880; baseline 0.003 -29"><span class='ocrx_word' id='word_1_93' title='bbox 284 1788 408 1855; x_wconf 87' lang='lat' dir='ltr'><strong>Dicunt</strong></span> <span class='ocrx_word' id='word_1_94' title='bbox 422 1791 563 1855; x_wconf 86' lang='lat' dir='ltr'><strong>ulterius</strong></span> <span class='ocrx_word' id='word_1_95' title='bbox 577 1793 716 1876; x_wconf 83' lang='lat' dir='ltr'><strong>predicti</strong></span> <span class='ocrx_word' id='word_1_96' title='bbox 737 1793 901 1877; x_wconf 88' lang='lat' dir='ltr'><strong>juratores</strong></span> <span class='ocrx_word' id='word_1_97' title='bbox 916 1795 1001 1880; x_wconf 93' lang='lat' dir='ltr'><strong>quod</strong></span> <span class='ocrx_word' id='word_1_98' title='bbox 1017 1813 1082 1858; x_wconf 90' lang='lat' dir='ltr'><strong>uon</strong></span> <span class='ocrx_word' id='word_1_99' title='bbox 1099 1799 1175 1857; x_wconf 89' lang='lat' dir='ltr'><strong>sunt</strong></span> <span class='ocrx_word' id='word_1_100' title='bbox 1190 1793 1254 1857; x_wconf 84' lang='lat' dir='ltr'><strong>elie</strong></span> <span class='ocrx_word' id='word_1_101' title='bbox 1269 1813 1400 1878; x_wconf 86' lang='lat' dir='ltr'><strong>persone</strong></span> <span class='ocrx_word' id='word_1_102' title='bbox 1416 1795 1484 1857; x_wconf 90' lang='lat' dir='ltr'><strong>sive</strong></span> <span class='ocrx_word' id='word_1_103' title='bbox 1502 1798 1648 1858; x_wconf 87' lang='lat' dir='ltr'><strong>tenentes</strong></span> <span class='ocrx_word' id='word_1_104' title='bbox 1662 1794 1747 1858; x_wconf 87' lang='lat' dir='ltr'><strong>infra</strong></span> 
     </span>
     <span class='ocr_line' id='line_1_12' title="bbox 241 1874 1747 1962; baseline 0.003 -22"><span class='ocrx_word' id='word_1_105' title='bbox 241 1874 444 1942; x_wconf 84' lang='lat' dir='ltr'><strong>hundredum</strong></span> <span class='ocrx_word' id='word_1_106' title='bbox 468 1879 662 1962; x_wconf 88' lang='lat' dir='ltr'><strong>predictum,</strong></span> <span class='ocrx_word' id='word_1_107' title='bbox 676 1882 786 1944; x_wconf 89' lang='lat' dir='ltr'><strong>eeieite</strong></span> <span class='ocrx_word' id='word_1_108' title='bbox 812 1882 847 1944; x_wconf 92' lang='lat' dir='ltr'><strong>in</strong></span> <span class='ocrx_word' id='word_1_109' title='bbox 873 1881 1038 1946; x_wconf 89' lang='lat' dir='ltr'><strong>dominico</strong></span> <span class='ocrx_word' id='word_1_110' title='bbox 1052 1901 1109 1945; x_wconf 90' lang='lat' dir='ltr'><strong>suo</strong></span> <span class='ocrx_word' id='word_1_111' title='bbox 1125 1882 1315 1945; x_wconf 84' lang='lat' dir='ltr'><strong>immediate</strong></span> <span class='ocrx_word' id='word_1_112' title='bbox 1331 1887 1369 1945; x_wconf 88' lang='lat' dir='ltr'><strong>ut</strong></span> <span class='ocrx_word' id='word_1_113' title='bbox 1383 1881 1425 1944; x_wconf 93' lang='lat' dir='ltr'><strong>de</strong></span> <span class='ocrx_word' id='word_1_114' title='bbox 1439 1880 1542 1945; x_wconf 90' lang='lat' dir='ltr'><strong>libero</strong></span> <span class='ocrx_word' id='word_1_115' title='bbox 1557 1886 1747 1946; x_wconf 87' lang='lat' dir='ltr'><strong>tenemento</strong></span> 
     </span>
     <span class='ocr_line' id='line_1_13' title="bbox 241 1964 1745 2055; baseline 0.003 -26"><span class='ocrx_word' id='word_1_116' title='bbox 241 1964 326 2030; x_wconf 90' lang='lat' dir='ltr'><strong>unde</strong></span> <span class='ocrx_word' id='word_1_117' title='bbox 340 1965 451 2030; x_wconf 88' lang='lat' dir='ltr'><strong>eedem</strong></span> <span class='ocrx_word' id='word_1_118' title='bbox 467 1986 601 2051; x_wconf 89' lang='lat' dir='ltr'><strong>persone</strong></span> <span class='ocrx_word' id='word_1_119' title='bbox 624 1968 690 2032; x_wconf 92' lang='lat' dir='ltr'><strong>sive</strong></span> <span class='ocrx_word' id='word_1_120' title='bbox 713 1975 863 2033; x_wconf 87' lang='lat' dir='ltr'><strong>tenentes</strong></span> <span class='ocrx_word' id='word_1_121' title='bbox 889 1970 1124 2054; x_wconf 87' lang='lat' dir='ltr'><strong>possessionate</strong></span> <span class='ocrx_word' id='word_1_122' title='bbox 1140 1969 1295 2046; x_wconf 84' lang='lat' dir='ltr'><strong>existunt,</strong></span> <span class='ocrx_word' id='word_1_123' title='bbox 1310 1969 1367 2053; x_wconf 92' lang='lat' dir='ltr'><strong>qui</strong></span> <span class='ocrx_word' id='word_1_124' title='bbox 1383 1974 1495 2032; x_wconf 86' lang='lat' dir='ltr'><strong>tenent</strong></span> <span class='ocrx_word' id='word_1_125' title='bbox 1510 1990 1566 2052; x_wconf 89' lang='lat' dir='ltr'><strong>per</strong></span> <span class='ocrx_word' id='word_1_126' title='bbox 1580 1971 1745 2055; x_wconf 85' lang='lat' dir='ltr'><strong>integrum</strong></span> 
     </span>
     <span class='ocr_line' id='line_1_14' title="bbox 241 2051 1539 2141; baseline 0.005 -25"><span class='ocrx_word' id='word_1_127' title='bbox 241 2051 371 2117; x_wconf 78' lang='lat' dir='ltr'><strong>feodum</strong></span> <span class='ocrx_word' id='word_1_128' title='bbox 387 2054 505 2118; x_wconf 84' lang='lat' dir='ltr'><strong>militis</strong></span> <span class='ocrx_word' id='word_1_129' title='bbox 520 2056 661 2119; x_wconf 87' lang='lat' dir='ltr'><strong>mediate</strong></span> <span class='ocrx_word' id='word_1_130' title='bbox 675 2056 812 2120; x_wconf 88' lang='lat' dir='ltr'><strong>terciam</strong></span> <span class='ocrx_word' id='word_1_131' title='bbox 827 2057 879 2120; x_wconf 88' lang='lat' dir='ltr'><strong>vel</strong></span> <span class='ocrx_word' id='word_1_132' title='bbox 894 2063 1044 2141; x_wconf 89' lang='lat' dir='ltr'><strong>quartam</strong></span> <span class='ocrx_word' id='word_1_133' title='bbox 1060 2062 1188 2140; x_wconf 87' lang='lat' dir='ltr'><strong>partem</strong></span> <span class='ocrx_word' id='word_1_134' title='bbox 1203 2077 1257 2121; x_wconf 89' lang='lat' dir='ltr'><strong>un.</strong></span> <span class='ocrx_word' id='word_1_135' title='bbox 1273 2055 1296 2120; x_wconf 84' lang='lat' dir='ltr'><strong>f.</strong></span> <span class='ocrx_word' id='word_1_136' title='bbox 1311 2078 1356 2123; x_wconf 92' lang='lat' dir='ltr'><strong>m.</strong></span> <span class='ocrx_word' id='word_1_137' title='bbox 1372 2055 1539 2122; x_wconf 86' lang='lat' dir='ltr'><strong>inclusive.</strong></span> 
     </span>
    </p>
   </div>
   <div class='ocr_carea' id='block_1_6' title="bbox 285 2191 818 2275">
    <p class='ocr_par' dir='ltr' id='par_1_6' title="bbox 285 2191 818 2275">
     <span class='ocr_line' id='line_1_15' title="bbox 285 2191 818 2275; baseline 0.011 -22"><span class='ocrx_word' id='word_1_138' title='bbox 285 2191 324 2254; x_wconf 92' lang='lat' dir='ltr'><strong>In</strong></span> <span class='ocrx_word' id='word_1_139' title='bbox 340 2191 433 2275; x_wconf 90' lang='lat' dir='ltr'><strong>cujus</strong></span> <span class='ocrx_word' id='word_1_140' title='bbox 448 2193 495 2256; x_wconf 91' lang='lat' dir='ltr'><strong>rei</strong></span> <span class='ocrx_word' id='word_1_141' title='bbox 510 2195 738 2258; x_wconf 87' lang='lat' dir='ltr'><strong>testimonium</strong></span> <span class='ocrx_word' id='word_1_142' title='bbox 754 2201 818 2260; x_wconf 90' lang='lat' dir='ltr'><strong>etc.</strong></span> 
     </span>
    </p>
   </div>
   <div class='ocr_carea' id='block_1_7' title="bbox 738 2415 1242 2426">
    <p class='ocr_par' dir='ltr' id='par_1_7' title="bbox 738 2415 1242 2426">
     <span class='ocr_line' id='line_1_16' title="bbox 738 2415 1242 2426; baseline -0.008 0"><span class='ocrx_word' id='word_1_143' title='bbox 738 2420 768 2426; x_wconf 82' lang='lat'><strong>-.-</strong></span> <span class='ocrx_word' id='word_1_144' title='bbox 785 2418 868 2425; x_wconf 82' lang='lat'><strong>--—-</strong></span> <span class='ocrx_word' id='word_1_145' title='bbox 883 2415 993 2424; x_wconf 56' lang='lat' dir='ltr'><strong>..a-...anu</strong></span> <span class='ocrx_word' id='word_1_146' title='bbox 1003 2417 1019 2423; x_wconf 85' lang='lat'><em>-</em></span> <span class='ocrx_word' id='word_1_147' title='bbox 1031 2416 1242 2425; x_wconf 77' lang='lat'><em>--—..—-——.-.</em></span> 
     </span>
    </p>
   </div>
   <div class='ocr_carea' id='block_1_8' title="bbox 664 2587 1318 2675">
    <p class='ocr_par' dir='ltr' id='par_1_8' title="bbox 664 2587 1318 2675">
     <span class='ocr_line' id='line_1_17' title="bbox 664 2587 1318 2675; baseline -0.002 -21"><span class='ocrx_word' id='word_1_148' title='bbox 664 2587 909 2675; x_wconf 68' lang='lat' dir='ltr'><strong>[Hououaosu</strong></span> <span class='ocrx_word' id='word_1_149' title='bbox 933 2587 992 2675; x_wconf 83' lang='lat' dir='ltr'><strong>oa]</strong></span> <span class='ocrx_word' id='word_1_150' title='bbox 1022 2589 1318 2657; x_wconf 80' lang='lat' dir='ltr'><strong>CADEll&#39;ORTH.</strong></span> 
     </span>
    </p>
   </div>
   <div class='ocr_carea' id='block_1_9' title="bbox 241 2725 1750 4033">
    <p class='ocr_par' dir='ltr' id='par_1_9' title="bbox 241 2725 1750 4033">
     <span class='ocr_line' id='line_1_18' title="bbox 286 2725 1746 2816; baseline -0.001 -24"><span class='ocrx_word' id='word_1_151' title='bbox 286 2729 462 2816; x_wconf 88' lang='lat' dir='ltr'><strong>Inquisicio</strong></span> <span class='ocrx_word' id='word_1_152' title='bbox 476 2733 571 2810; x_wconf 88' lang='lat' dir='ltr'><strong>capta</strong></span> <span class='ocrx_word' id='word_1_153' title='bbox 587 2728 671 2810; x_wconf 91' lang='lat' dir='ltr'><strong>apud</strong></span> <span class='ocrx_word' id='word_1_154' title='bbox 690 2726 936 2811; x_wconf 84' lang='lat' dir='ltr'><strong>Whicchebury,</strong></span> <span class='ocrx_word' id='word_1_155' title='bbox 953 2727 1005 2790; x_wconf 91' lang='lat' dir='ltr'><strong>die</strong></span> <span class='ocrx_word' id='word_1_156' title='bbox 1033 2729 1124 2791; x_wconf 91' lang='lat' dir='ltr'><strong>Lune</strong></span> <span class='ocrx_word' id='word_1_157' title='bbox 1148 2729 1294 2810; x_wconf 89' lang='lat' dir='ltr'><strong>proximo</strong></span> <span class='ocrx_word' id='word_1_158' title='bbox 1319 2733 1396 2790; x_wconf 87' lang='lat' dir='ltr'><strong>ante</strong></span> <span class='ocrx_word' id='word_1_159' title='bbox 1411 2726 1534 2789; x_wconf 84' lang='lat' dir='ltr'><strong>festum</strong></span> <span class='ocrx_word' id='word_1_160' title='bbox 1551 2725 1746 2790; x_wconf 85' lang='lat' dir='ltr'><strong>Nativitatis</strong></span> 
     </span>
     <span class='ocr_line' id='line_1_19' title="bbox 244 2815 1745 2899; baseline 0 -20"><span class='ocrx_word' id='word_1_161' title='bbox 244 2817 356 2880; x_wconf 78' lang='lat' dir='ltr'><strong>Sancti</strong></span> <span class='ocrx_word' id='word_1_162' title='bbox 370 2815 532 2878; x_wconf 87' lang='lat' dir='ltr'><strong>Johannis</strong></span> <span class='ocrx_word' id='word_1_163' title='bbox 550 2815 706 2897; x_wconf 87' lang='lat' dir='ltr'><strong>Baptiste,</strong></span> <span class='ocrx_word' id='word_1_164' title='bbox 722 2836 808 2878; x_wconf 90' lang='lat' dir='ltr'><strong>anno</strong></span> <span class='ocrx_word' id='word_1_165' title='bbox 823 2817 916 2899; x_wconf 82' lang='lat' dir='ltr'><strong>regni</strong></span> <span class='ocrx_word' id='word_1_166' title='bbox 936 2816 1024 2898; x_wconf 74' lang='lat' dir='ltr'><strong>regis</strong></span> <span class='ocrx_word' id='word_1_167' title='bbox 1047 2815 1183 2878; x_wconf 88' lang='lat' dir='ltr'><strong>Henrici</strong></span> <span class='ocrx_word' id='word_1_168' title='bbox 1210 2815 1292 2878; x_wconf 85' lang='lat' dir='ltr'><strong>sexti</strong></span> <span class='ocrx_word' id='word_1_169' title='bbox 1318 2819 1389 2898; x_wconf 89' lang='lat' dir='ltr'><strong>post</strong></span> <span class='ocrx_word' id='word_1_170' title='bbox 1413 2821 1626 2896; x_wconf 88' lang='lat' dir='ltr'><strong>conquestum</strong></span> <span class='ocrx_word' id='word_1_171' title='bbox 1643 2820 1745 2893; x_wconf 84' lang='lat' dir='ltr'><strong>sexto,</strong></span> 
     </span>
     <span class='ocr_line' id='line_1_20' title="bbox 242 2899 1747 2986; baseline -0.003 -18"><span class='ocrx_word' id='word_1_172' title='bbox 242 2924 349 2968; x_wconf 82' lang='lat' dir='ltr'><strong>corum</strong></span> <span class='ocrx_word' id='word_1_173' title='bbox 365 2900 514 2966; x_wconf 87' lang='lat' dir='ltr'><strong>Johanne</strong></span> <span class='ocrx_word' id='word_1_174' title='bbox 529 2901 629 2985; x_wconf 73' lang='lat' dir='ltr'><strong>Papo,</strong></span> <span class='ocrx_word' id='word_1_175' title='bbox 646 2901 787 2966; x_wconf 86' lang='lat' dir='ltr'><strong>Roberto</strong></span> <span class='ocrx_word' id='word_1_176' title='bbox 814 2902 923 2986; x_wconf 84' lang='lat' dir='ltr'><strong>Erley,</strong></span> <span class='ocrx_word' id='word_1_177' title='bbox 940 2901 1087 2966; x_wconf 83' lang='lat' dir='ltr'><strong>Johanne</strong></span> <span class='ocrx_word' id='word_1_178' title='bbox 1112 2903 1257 2985; x_wconf 85' lang='lat' dir='ltr'><strong>Sturmy‚</strong></span> <span class='ocrx_word' id='word_1_179' title='bbox 1274 2902 1313 2964; x_wconf 90' lang='lat' dir='ltr'><strong>de</strong></span> <span class='ocrx_word' id='word_1_180' title='bbox 1328 2901 1480 2980; x_wconf 83' lang='lat' dir='ltr'><strong>Axeiord,</strong></span> <span class='ocrx_word' id='word_1_181' title='bbox 1497 2899 1644 2965; x_wconf 91' lang='lat' dir='ltr'><strong>Johanne</strong></span> <span class='ocrx_word' id='word_1_182' title='bbox 1661 2900 1747 2986; x_wconf 83' lang='lat' dir='ltr'><strong>Bryd</strong></span> 
     </span>
     <span class='ocr_line' id='line_1_21' title="bbox 241 2986 1748 3074; baseline -0.001 -20"><span class='ocrx_word' id='word_1_183' title='bbox 241 2990 280 3055; x_wconf 89' lang='lat' dir='ltr'><strong>de</strong></span> <span class='ocrx_word' id='word_1_184' title='bbox 302 2987 523 3074; x_wconf 83' lang='lat' dir='ltr'><strong>Marleburgh,</strong></span> <span class='ocrx_word' id='word_1_185' title='bbox 552 2989 693 3052; x_wconf 88' lang='lat' dir='ltr'><strong>Henrico</strong></span> <span class='ocrx_word' id='word_1_186' title='bbox 719 2988 888 3073; x_wconf 75' lang='lat' dir='ltr'><strong>Bradeley,</strong></span> <span class='ocrx_word' id='word_1_187' title='bbox 914 2988 1062 3053; x_wconf 75' lang='lat' dir='ltr'><strong>Johanne</strong></span> <span class='ocrx_word' id='word_1_188' title='bbox 1088 2988 1222 3072; x_wconf 87' lang='lat' dir='ltr'><strong>Sturmy</strong></span> <span class='ocrx_word' id='word_1_189' title='bbox 1245 2989 1285 3052; x_wconf 91' lang='lat' dir='ltr'><strong>de</strong></span> <span class='ocrx_word' id='word_1_190' title='bbox 1312 2986 1569 3065; x_wconf 83' lang='lat' dir='ltr'><strong>Wachenesield,</strong></span> <span class='ocrx_word' id='word_1_191' title='bbox 1600 2988 1748 3052; x_wconf 88' lang='lat' dir='ltr'><strong>Johanne</strong></span> 
     </span>
     <span class='ocr_line' id='line_1_22' title="bbox 242 3075 1746 3161; baseline -0.002 -20"><span class='ocrx_word' id='word_1_192' title='bbox 242 3079 344 3161; x_wconf 86' lang='lat' dir='ltr'><strong>Buye,</strong></span> <span class='ocrx_word' id='word_1_193' title='bbox 360 3075 527 3144; x_wconf 86' lang='lat' dir='ltr'><strong>Willelmo</strong></span> <span class='ocrx_word' id='word_1_194' title='bbox 549 3077 635 3140; x_wconf 87' lang='lat' dir='ltr'><strong>Lord</strong></span> <span class='ocrx_word' id='word_1_195' title='bbox 657 3077 698 3140; x_wconf 90' lang='lat' dir='ltr'><strong>de</strong></span> <span class='ocrx_word' id='word_1_196' title='bbox 723 3076 815 3140; x_wconf 90' lang='lat' dir='ltr'><strong>Nova</strong></span> <span class='ocrx_word' id='word_1_197' title='bbox 841 3077 1029 3155; x_wconf 87' lang='lat' dir='ltr'><strong>Sarisburia,</strong></span> <span class='ocrx_word' id='word_1_198' title='bbox 1058 3083 1092 3140; x_wconf 93' lang='lat' dir='ltr'><strong>et</strong></span> <span class='ocrx_word' id='word_1_199' title='bbox 1118 3075 1266 3141; x_wconf 88' lang='lat' dir='ltr'><strong>Johanne</strong></span> <span class='ocrx_word' id='word_1_200' title='bbox 1290 3075 1482 3140; x_wconf 85' lang='lat' dir='ltr'><strong>Mountford</strong></span> <span class='ocrx_word' id='word_1_201' title='bbox 1496 3077 1536 3140; x_wconf 89' lang='lat' dir='ltr'><strong>de</strong></span> <span class='ocrx_word' id='word_1_202' title='bbox 1559 3077 1627 3159; x_wconf 85' lang='lat' dir='ltr'><strong>Lye</strong></span> <span class='ocrx_word' id='word_1_203' title='bbox 1650 3077 1746 3161; x_wconf 80' lang='lat' dir='ltr'><strong>juxta</strong></span> 
     </span>
     <span class='ocr_line' id='line_1_23' title="bbox 241 3163 1747 3249; baseline -0.004 -17"><span class='ocrx_word' id='word_1_204' title='bbox 241 3166 425 3248; x_wconf 82' lang='lat' dir='ltr'><strong>Westbury,</strong></span> <span class='ocrx_word' id='word_1_205' title='bbox 456 3163 679 3227; x_wconf 86' lang='lat' dir='ltr'><strong>collectoribus</strong></span> <span class='ocrx_word' id='word_1_206' title='bbox 708 3163 844 3228; x_wconf 90' lang='lat' dir='ltr'><strong>subsidii</strong></span> <span class='ocrx_word' id='word_1_207' title='bbox 877 3163 1000 3227; x_wconf 90' lang='lat' dir='ltr'><strong>domini</strong></span> <span class='ocrx_word' id='word_1_208' title='bbox 1030 3165 1115 3249; x_wconf 83' lang='lat' dir='ltr'><strong>regis</strong></span> <span class='ocrx_word' id='word_1_209' title='bbox 1143 3165 1177 3226; x_wconf 93' lang='lat' dir='ltr'><strong>in</strong></span> <span class='ocrx_word' id='word_1_210' title='bbox 1208 3163 1369 3226; x_wconf 90' lang='lat' dir='ltr'><strong>comitatu</strong></span> <span class='ocrx_word' id='word_1_211' title='bbox 1397 3163 1526 3242; x_wconf 87' lang='lat' dir='ltr'><strong>Wiltes,</strong></span> <span class='ocrx_word' id='word_1_212' title='bbox 1557 3165 1590 3226; x_wconf 93' lang='lat' dir='ltr'><strong>in</strong></span> <span class='ocrx_word' id='word_1_213' title='bbox 1630 3165 1747 3226; x_wconf 89' lang='lat' dir='ltr'><strong>ultimo</strong></span> 
     </span>
     <span class='ocr_line' id='line_1_24' title="bbox 241 3249 1748 3334; baseline -0.002 -20"><span class='ocrx_word' id='word_1_214' title='bbox 241 3253 457 3334; x_wconf 87' lang='lat' dir='ltr'><strong>parliamento</strong></span> <span class='ocrx_word' id='word_1_215' title='bbox 486 3271 544 3315; x_wconf 89' lang='lat' dir='ltr'><strong>sno</strong></span> <span class='ocrx_word' id='word_1_216' title='bbox 573 3256 665 3314; x_wconf 90' lang='lat' dir='ltr'><strong>tento</strong></span> <span class='ocrx_word' id='word_1_217' title='bbox 693 3250 780 3334; x_wconf 91' lang='lat' dir='ltr'><strong>apud</strong></span> <span class='ocrx_word' id='word_1_218' title='bbox 810 3251 1136 3317; x_wconf 76' lang='lat' dir='ltr'><strong>westmonasterium</strong></span> <span class='ocrx_word' id='word_1_219' title='bbox 1166 3253 1202 3313; x_wconf 94' lang='lat' dir='ltr'><strong>in</strong></span> <span class='ocrx_word' id='word_1_220' title='bbox 1232 3251 1396 3334; x_wconf 89' lang='lat' dir='ltr'><strong>quindena</strong></span> <span class='ocrx_word' id='word_1_221' title='bbox 1429 3249 1541 3312; x_wconf 89' lang='lat' dir='ltr'><strong>Sancti</strong></span> <span class='ocrx_word' id='word_1_222' title='bbox 1577 3249 1748 3314; x_wconf 85' lang='lat' dir='ltr'><strong>Michaelis</strong></span> 
     </span>
     <span class='ocr_line' id='line_1_25' title="bbox 241 3335 1747 3422; baseline -0.001 -20"><span class='ocrx_word' id='word_1_223' title='bbox 241 3340 361 3402; x_wconf 89' lang='lat' dir='ltr'><strong>ultimo</strong></span> <span class='ocrx_word' id='word_1_224' title='bbox 375 3341 531 3421; x_wconf 87' lang='lat' dir='ltr'><strong>preterita</strong></span> <span class='ocrx_word' id='word_1_225' title='bbox 546 3338 699 3417; x_wconf 86' lang='lat' dir='ltr'><strong>concessi,</strong></span> <span class='ocrx_word' id='word_1_226' title='bbox 711 3358 770 3421; x_wconf 89' lang='lat' dir='ltr'><strong>per</strong></span> <span class='ocrx_word' id='word_1_227' title='bbox 785 3343 1024 3401; x_wconf 90' lang='lat' dir='ltr'><strong>sacramentum</strong></span> <span class='ocrx_word' id='word_1_228' title='bbox 1041 3335 1146 3400; x_wconf 91' lang='lat' dir='ltr'><strong>David</strong></span> <span class='ocrx_word' id='word_1_229' title='bbox 1162 3337 1381 3421; x_wconf 79' lang='lat' dir='ltr'><strong>Cervyngton,</strong></span> <span class='ocrx_word' id='word_1_230' title='bbox 1395 3337 1513 3420; x_wconf 86' lang='lat' dir='ltr'><strong>Rogeri</strong></span> <span class='ocrx_word' id='word_1_231' title='bbox 1529 3336 1747 3422; x_wconf 83' lang='lat' dir='ltr'><strong>Cervyngton,</strong></span> 
     </span>
     <span class='ocr_line' id='line_1_26' title="bbox 242 3423 1747 3503; baseline -0.005 -9"><span class='ocrx_word' id='word_1_232' title='bbox 242 3425 401 3494; x_wconf 88' lang='lat' dir='ltr'><strong>Willelmi</strong></span> <span class='ocrx_word' id='word_1_233' title='bbox 431 3425 539 3503; x_wconf 88' lang='lat' dir='ltr'><strong>Sever,</strong></span> <span class='ocrx_word' id='word_1_234' title='bbox 570 3423 703 3488; x_wconf 85' lang='lat' dir='ltr'><strong>Roberti</strong></span> <span class='ocrx_word' id='word_1_235' title='bbox 734 3424 883 3503; x_wconf 87' lang='lat' dir='ltr'><strong>Bartour‚</strong></span> <span class='ocrx_word' id='word_1_236' title='bbox 911 3424 1069 3489; x_wconf 90' lang='lat' dir='ltr'><strong>Johannis</strong></span> <span class='ocrx_word' id='word_1_237' title='bbox 1099 3425 1187 3499; x_wconf 80' lang='lat' dir='ltr'><strong>Coos,</strong></span> <span class='ocrx_word' id='word_1_238' title='bbox 1218 3423 1377 3488; x_wconf 88' lang='lat' dir='ltr'><strong>Johannis</strong></span> <span class='ocrx_word' id='word_1_239' title='bbox 1407 3423 1580 3501; x_wconf 69' lang='lat' dir='ltr'><strong>bertevile,</strong></span> <span class='ocrx_word' id='word_1_240' title='bbox 1606 3423 1747 3488; x_wconf 72' lang='lat' dir='ltr'><strong>(tilbert-i</strong></span> 
     </span>
     <span class='ocr_line' id='line_1_27' title="bbox 242 3510 1747 3598; baseline -0.001 -23"><span class='ocrx_word' id='word_1_241' title='bbox 242 3513 380 3593; x_wconf 79' lang='lat' dir='ltr'><strong>Fischer,</strong></span> <span class='ocrx_word' id='word_1_242' title='bbox 410 3510 571 3578; x_wconf 88' lang='lat' dir='ltr'><strong>Johannis</strong></span> <span class='ocrx_word' id='word_1_243' title='bbox 607 3511 764 3591; x_wconf 81' lang='lat' dir='ltr'><strong>Goulond,</strong></span> <span class='ocrx_word' id='word_1_244' title='bbox 796 3512 955 3576; x_wconf 88' lang='lat' dir='ltr'><strong>Johannis</strong></span> <span class='ocrx_word' id='word_1_245' title='bbox 992 3511 1130 3595; x_wconf 83' lang='lat' dir='ltr'><strong>Raulyn,</strong></span> <span class='ocrx_word' id='word_1_246' title='bbox 1161 3510 1319 3580; x_wconf 88' lang='lat' dir='ltr'><strong>Willelmi</strong></span> <span class='ocrx_word' id='word_1_247' title='bbox 1349 3510 1558 3598; x_wconf 77' lang='lat' dir='ltr'><strong>Pynlsebrug,</strong></span> <span class='ocrx_word' id='word_1_248' title='bbox 1588 3511 1747 3575; x_wconf 89' lang='lat' dir='ltr'><strong>Johannis</strong></span> 
     </span>
     <span class='ocr_line' id='line_1_28' title="bbox 242 3596 1746 3684; baseline -0.001 -21"><span class='ocrx_word' id='word_1_249' title='bbox 242 3601 350 3684; x_wconf 78' lang='lat' dir='ltr'><strong>Elyot,</strong></span> <span class='ocrx_word' id='word_1_250' title='bbox 366 3607 401 3665; x_wconf 86' lang='lat' dir='ltr'><strong>et</strong></span> <span class='ocrx_word' id='word_1_251' title='bbox 416 3598 575 3663; x_wconf 88' lang='lat' dir='ltr'><strong>Johannis</strong></span> <span class='ocrx_word' id='word_1_252' title='bbox 591 3599 741 3665; x_wconf 88' lang='lat' dir='ltr'><strong>Braddcn</strong></span> <span class='ocrx_word' id='word_1_253' title='bbox 760 3600 957 3683; x_wconf 88' lang='lat' dir='ltr'><strong>juratorum,</strong></span> <span class='ocrx_word' id='word_1_254' title='bbox 971 3600 1155 3684; x_wconf 83' lang='lat' dir='ltr'><strong>juratorum</strong></span> <span class='ocrx_word' id='word_1_255' title='bbox 1169 3601 1210 3663; x_wconf 91' lang='lat' dir='ltr'><strong>de</strong></span> <span class='ocrx_word' id='word_1_256' title='bbox 1224 3596 1395 3663; x_wconf 88' lang='lat' dir='ltr'><strong>hundredo</strong></span> <span class='ocrx_word' id='word_1_257' title='bbox 1410 3600 1451 3663; x_wconf 90' lang='lat' dir='ltr'><strong>de</strong></span> <span class='ocrx_word' id='word_1_258' title='bbox 1467 3597 1667 3677; x_wconf 84' lang='lat' dir='ltr'><strong>Cadeworth,</strong></span> <span class='ocrx_word' id='word_1_259' title='bbox 1691 3599 1746 3683; x_wconf 90' lang='lat' dir='ltr'><strong>qui</strong></span> 
     </span>
     <span class='ocr_line' id='line_1_29' title="bbox 242 3686 1747 3772; baseline -0.003 -20"><span class='ocrx_word' id='word_1_260' title='bbox 242 3689 356 3753; x_wconf 89' lang='lat' dir='ltr'><strong>dicunt</strong></span> <span class='ocrx_word' id='word_1_261' title='bbox 371 3708 466 3772; x_wconf 92' lang='lat' dir='ltr'><strong>super</strong></span> <span class='ocrx_word' id='word_1_262' title='bbox 481 3693 720 3752; x_wconf 85' lang='lat' dir='ltr'><strong>sacramentum</strong></span> <span class='ocrx_word' id='word_1_263' title='bbox 738 3708 833 3750; x_wconf 90' lang='lat' dir='ltr'><strong>suum</strong></span> <span class='ocrx_word' id='word_1_264' title='bbox 848 3688 934 3772; x_wconf 90' lang='lat' dir='ltr'><strong>quod</strong></span> <span class='ocrx_word' id='word_1_265' title='bbox 949 3707 1064 3752; x_wconf 89' lang='lat' dir='ltr'><strong>omnes</strong></span> <span class='ocrx_word' id='word_1_266' title='bbox 1078 3707 1213 3771; x_wconf 89' lang='lat' dir='ltr'><strong>persone</strong></span> <span class='ocrx_word' id='word_1_267' title='bbox 1224 3687 1260 3749; x_wconf 91' lang='lat' dir='ltr'><strong>in</strong></span> <span class='ocrx_word' id='word_1_268' title='bbox 1272 3686 1336 3749; x_wconf 89' lang='lat' dir='ltr'><strong>ista</strong></span> <span class='ocrx_word' id='word_1_269' title='bbox 1347 3687 1563 3771; x_wconf 89' lang='lat' dir='ltr'><strong>inquisicione</strong></span> <span class='ocrx_word' id='word_1_270' title='bbox 1580 3686 1747 3750; x_wconf 88' lang='lat' dir='ltr'><strong>nominate</strong></span> 
     </span>
     <span class='ocr_line' id='line_1_30' title="bbox 243 3774 1750 3860; baseline -0.001 -22"><span class='ocrx_word' id='word_1_271' title='bbox 243 3785 320 3840; x_wconf 87' lang='lat' dir='ltr'><strong>sunt</strong></span> <span class='ocrx_word' id='word_1_272' title='bbox 335 3777 446 3839; x_wconf 88' lang='lat' dir='ltr'><strong>scisite</strong></span> <span class='ocrx_word' id='word_1_273' title='bbox 461 3782 496 3839; x_wconf 92' lang='lat' dir='ltr'><strong>et</strong></span> <span class='ocrx_word' id='word_1_274' title='bbox 509 3776 743 3858; x_wconf 89' lang='lat' dir='ltr'><strong>possessionate</strong></span> <span class='ocrx_word' id='word_1_275' title='bbox 766 3784 800 3838; x_wconf 84' lang='lat' dir='ltr'><strong>et</strong></span> <span class='ocrx_word' id='word_1_276' title='bbox 815 3796 925 3839; x_wconf 87' lang='lat' dir='ltr'><strong>eorum</strong></span> <span class='ocrx_word' id='word_1_277' title='bbox 940 3774 1086 3858; x_wconf 85' lang='lat' dir='ltr'><strong>quelibet</strong></span> <span class='ocrx_word' id='word_1_278' title='bbox 1101 3782 1152 3839; x_wconf 85' lang='lat' dir='ltr'><strong>est</strong></span> <span class='ocrx_word' id='word_1_279' title='bbox 1167 3776 1281 3838; x_wconf 89' lang='lat' dir='ltr'><strong>scisita</strong></span> <span class='ocrx_word' id='word_1_280' title='bbox 1295 3779 1330 3836; x_wconf 89' lang='lat' dir='ltr'><strong>et</strong></span> <span class='ocrx_word' id='word_1_281' title='bbox 1344 3775 1582 3860; x_wconf 85' lang='lat' dir='ltr'><strong>possessionate</strong></span> <span class='ocrx_word' id='word_1_282' title='bbox 1596 3775 1637 3838; x_wconf 90' lang='lat' dir='ltr'><strong>de</strong></span> <span class='ocrx_word' id='word_1_283' title='bbox 1653 3775 1750 3838; x_wconf 89' lang='lat' dir='ltr'><strong>terris</strong></span> 
     </span>
     <span class='ocr_line' id='line_1_31' title="bbox 243 3861 1747 3927; baseline -0.002 0"><span class='ocrx_word' id='word_1_284' title='bbox 243 3870 278 3927; x_wconf 91' lang='lat' dir='ltr'><strong>et</strong></span> <span class='ocrx_word' id='word_1_285' title='bbox 292 3864 488 3927; x_wconf 86' lang='lat' dir='ltr'><strong>tenementis</strong></span> <span class='ocrx_word' id='word_1_286' title='bbox 502 3864 536 3925; x_wconf 91' lang='lat' dir='ltr'><strong>in</strong></span> <span class='ocrx_word' id='word_1_287' title='bbox 552 3863 717 3926; x_wconf 92' lang='lat' dir='ltr'><strong>dominico</strong></span> <span class='ocrx_word' id='word_1_288' title='bbox 732 3882 790 3926; x_wconf 89' lang='lat' dir='ltr'><strong>suo</strong></span> <span class='ocrx_word' id='word_1_289' title='bbox 805 3870 844 3926; x_wconf 92' lang='lat' dir='ltr'><strong>ut</strong></span> <span class='ocrx_word' id='word_1_290' title='bbox 857 3863 898 3924; x_wconf 90' lang='lat' dir='ltr'><strong>de</strong></span> <span class='ocrx_word' id='word_1_291' title='bbox 925 3863 1027 3926; x_wconf 87' lang='lat' dir='ltr'><strong>libero</strong></span> <span class='ocrx_word' id='word_1_292' title='bbox 1051 3867 1240 3926; x_wconf 86' lang='lat' dir='ltr'><strong>tenemento</strong></span> <span class='ocrx_word' id='word_1_293' title='bbox 1265 3866 1299 3924; x_wconf 90' lang='lat' dir='ltr'><strong>et</strong></span> <span class='ocrx_word' id='word_1_294' title='bbox 1320 3868 1437 3926; x_wconf 90' lang='lat' dir='ltr'><strong>teuent</strong></span> <span class='ocrx_word' id='word_1_295' title='bbox 1461 3881 1518 3924; x_wconf 91' lang='lat' dir='ltr'><strong>seu</strong></span> <span class='ocrx_word' id='word_1_296' title='bbox 1543 3867 1636 3926; x_wconf 90' lang='lat' dir='ltr'><strong>tenet</strong></span> <span class='ocrx_word' id='word_1_297' title='bbox 1650 3861 1747 3925; x_wconf 92' lang='lat' dir='ltr'><strong>modo</strong></span> 
     </span>
     <span class='ocr_line' id='line_1_32' title="bbox 243 3949 996 4033; baseline -0.001 -18"><span class='ocrx_word' id='word_1_298' title='bbox 243 3958 276 4015; x_wconf 86' lang='lat' dir='ltr'><strong>st</strong></span> <span class='ocrx_word' id='word_1_299' title='bbox 291 3951 394 4014; x_wconf 84' lang='lat' dir='ltr'><strong>forma</strong></span> <span class='ocrx_word' id='word_1_300' title='bbox 409 3951 466 4033; x_wconf 93' lang='lat' dir='ltr'><strong>qui</strong></span> <span class='ocrx_word' id='word_1_301' title='bbox 481 3957 649 4033; x_wconf 83' lang='lat' dir='ltr'><strong>sequntur,</strong></span> <span class='ocrx_word' id='word_1_302' title='bbox 665 3949 828 4028; x_wconf 89' lang='lat' dir='ltr'><strong>videlicet,</strong></span> <span class='ocrx_word' id='word_1_303' title='bbox 845 3950 931 4032; x_wconf 89' lang='lat' dir='ltr'><strong>quod</strong></span> <span class='ocrx_word' id='word_1_304' title='bbox 944 3975 996 4014; x_wconf 88' lang='lat'><strong>:-</strong></span> 
     </span>
    </p>
   </div>
   <div class='ocr_carea' id='block_1_10' title="bbox 242 4140 1749 4490">
    <p class='ocr_par' dir='ltr' id='par_1_10' title="bbox 242 4140 1749 4490">
     <span class='ocr_line' id='line_1_33' title="bbox 287 4140 1749 4231; baseline -0.002 -22"><span class='ocrx_word' id='word_1_305' title='bbox 287 4144 487 4231; x_wconf 81' lang='lat' dir='ltr'><strong>Regineldus</strong></span> <span class='ocrx_word' id='word_1_306' title='bbox 502 4144 603 4222; x_wconf 86' lang='lat' dir='ltr'><strong>Wcst,</strong></span> <span class='ocrx_word' id='word_1_307' title='bbox 619 4143 726 4223; x_wconf 86' lang='lat' dir='ltr'><strong>miles,</strong></span> <span class='ocrx_word' id='word_1_308' title='bbox 743 4143 893 4205; x_wconf 90' lang='lat' dir='ltr'><strong>dominus</strong></span> <span class='ocrx_word' id='word_1_309' title='bbox 908 4142 948 4205; x_wconf 88' lang='lat' dir='ltr'><strong>de</strong></span> <span class='ocrx_word' id='word_1_310' title='bbox 962 4143 995 4205; x_wconf 88' lang='lat' dir='ltr'><strong>la</strong></span> <span class='ocrx_word' id='word_1_311' title='bbox 1010 4144 1132 4221; x_wconf 73' lang='lat' dir='ltr'><strong>werre,</strong></span> <span class='ocrx_word' id='word_1_312' title='bbox 1149 4151 1184 4207; x_wconf 90' lang='lat' dir='ltr'><strong>et</strong></span> <span class='ocrx_word' id='word_1_313' title='bbox 1206 4143 1226 4206; x_wconf 88' lang='lat' dir='ltr'>J</span> <span class='ocrx_word' id='word_1_314' title='bbox 1229 4142 1371 4206; x_wconf 91' lang='lat' dir='ltr'><strong>ohannes</strong></span> <span class='ocrx_word' id='word_1_315' title='bbox 1396 4148 1467 4205; x_wconf 88' lang='lat' dir='ltr'><strong>atte</strong></span> <span class='ocrx_word' id='word_1_316' title='bbox 1493 4140 1617 4227; x_wconf 81' lang='lat' dir='ltr'><strong>Berghe</strong></span> <span class='ocrx_word' id='word_1_317' title='bbox 1632 4147 1749 4206; x_wconf 87' lang='lat' dir='ltr'><strong>tenent</strong></span> 
     </span>
     <span class='ocr_line' id='line_1_34' title="bbox 244 4229 1749 4312; baseline -0.001 -17"><span class='ocrx_word' id='word_1_318' title='bbox 244 4232 433 4296; x_wconf 85' lang='lat' dir='ltr'><strong>immediate</strong></span> <span class='ocrx_word' id='word_1_319' title='bbox 457 4231 498 4296; x_wconf 91' lang='lat' dir='ltr'><strong>de</strong></span> <span class='ocrx_word' id='word_1_320' title='bbox 521 4232 643 4294; x_wconf 86' lang='lat' dir='ltr'><strong>comite</strong></span> <span class='ocrx_word' id='word_1_321' title='bbox 670 4230 842 4295; x_wconf 86' lang='lat' dir='ltr'><strong>Staffordie</strong></span> <span class='ocrx_word' id='word_1_322' title='bbox 869 4237 956 4293; x_wconf 88' lang='lat' dir='ltr'><strong>certa</strong></span> <span class='ocrx_word' id='word_1_323' title='bbox 982 4238 1085 4293; x_wconf 86' lang='lat' dir='ltr'><strong>terras</strong></span> <span class='ocrx_word' id='word_1_324' title='bbox 1111 4238 1145 4294; x_wconf 89' lang='lat' dir='ltr'><strong>et</strong></span> <span class='ocrx_word' id='word_1_325' title='bbox 1171 4237 1373 4308; x_wconf 81' lang='lat' dir='ltr'><strong>tenemento,</strong></span> <span class='ocrx_word' id='word_1_326' title='bbox 1397 4249 1460 4312; x_wconf 90' lang='lat' dir='ltr'><strong>que</strong></span> <span class='ocrx_word' id='word_1_327' title='bbox 1486 4249 1589 4312; x_wconf 86' lang='lat' dir='ltr'><strong>nuper</strong></span> <span class='ocrx_word' id='word_1_328' title='bbox 1619 4229 1749 4293; x_wconf 85' lang='lat' dir='ltr'><strong>luerunt</strong></span> 
     </span>
     <span class='ocr_line' id='line_1_35' title="bbox 242 4315 1748 4402; baseline -0.003 -18"><span class='ocrx_word' id='word_1_329' title='bbox 242 4318 370 4388; x_wconf 86' lang='lat' dir='ltr'><strong>Thorne.</strong></span> <span class='ocrx_word' id='word_1_330' title='bbox 382 4319 483 4400; x_wconf 85' lang='lat' dir='ltr'><strong>West,</strong></span> <span class='ocrx_word' id='word_1_331' title='bbox 499 4318 633 4396; x_wconf 89' lang='lat' dir='ltr'><strong>militis,</strong></span> <span class='ocrx_word' id='word_1_332' title='bbox 650 4318 803 4382; x_wconf 82' lang='lat' dir='ltr'><strong>Alienorc</strong></span> <span class='ocrx_word' id='word_1_333' title='bbox 818 4317 921 4394; x_wconf 84' lang='lat' dir='ltr'><strong>West,</strong></span> <span class='ocrx_word' id='word_1_334' title='bbox 934 4317 1094 4382; x_wconf 88' lang='lat' dir='ltr'><strong>Johannis</strong></span> <span class='ocrx_word' id='word_1_335' title='bbox 1109 4317 1201 4402; x_wconf 85' lang='lat' dir='ltr'><strong>lnge,</strong></span> <span class='ocrx_word' id='word_1_336' title='bbox 1218 4317 1376 4381; x_wconf 83' lang='lat' dir='ltr'><strong>Johannis</strong></span> <span class='ocrx_word' id='word_1_337' title='bbox 1391 4316 1431 4381; x_wconf 92' lang='lat' dir='ltr'><strong>de</strong></span> <span class='ocrx_word' id='word_1_338' title='bbox 1449 4315 1551 4378; x_wconf 87' lang='lat' dir='ltr'><strong>Wake</strong></span> <span class='ocrx_word' id='word_1_339' title='bbox 1567 4323 1601 4379; x_wconf 87' lang='lat' dir='ltr'><strong>ct</strong></span> <span class='ocrx_word' id='word_1_340' title='bbox 1616 4315 1748 4381; x_wconf 89' lang='lat' dir='ltr'><strong>Ricardi</strong></span> 
     </span>
     <span class='ocr_line' id='line_1_36' title="bbox 243 4404 1108 4490; baseline 0.002 -20"><span class='ocrx_word' id='word_1_341' title='bbox 243 4414 312 4472; x_wconf 87' lang='lat' dir='ltr'><strong>atte</strong></span> <span class='ocrx_word' id='word_1_342' title='bbox 327 4406 423 4471; x_wconf 87' lang='lat' dir='ltr'><strong>Halle</strong></span> <span class='ocrx_word' id='word_1_343' title='bbox 436 4408 473 4470; x_wconf 90' lang='lat' dir='ltr'><strong>in</strong></span> <span class='ocrx_word' id='word_1_344' title='bbox 490 4406 620 4476; x_wconf 83' lang='lat' dir='ltr'><strong>Surrou</strong></span> <span class='ocrx_word' id='word_1_345' title='bbox 636 4405 869 4474; x_wconf 79' lang='lat' dir='ltr'><strong>Msounnvvnn</strong></span> <span class='ocrx_word' id='word_1_346' title='bbox 883 4427 1009 4490; x_wconf 87' lang='lat' dir='ltr'><strong>perun.</strong></span> <span class='ocrx_word' id='word_1_347' title='bbox 1025 4404 1048 4470; x_wconf 87' lang='lat' dir='ltr'><strong>f.</strong></span> <span class='ocrx_word' id='word_1_348' title='bbox 1065 4427 1108 4472; x_wconf 91' lang='lat' dir='ltr'><strong>m.</strong></span> 
     </span>
    </p>
   </div>
   <div class='ocr_carea' id='block_1_11' title="bbox 244 4540 1749 4787">
    <p class='ocr_par' dir='ltr' id='par_1_11' title="bbox 244 4540 1749 4787">
     <span class='ocr_line' id='line_1_37' title="bbox 288 4540 1749 4628; baseline -0.004 -18"><span class='ocrx_word' id='word_1_349' title='bbox 288 4545 484 4610; x_wconf 67' lang='lat' dir='ltr'><strong>lamereias</strong></span> <span class='ocrx_word' id='word_1_350' title='bbox 509 4545 650 4628; x_wconf 83' lang='lat' dir='ltr'><strong>Goweyn</strong></span> <span class='ocrx_word' id='word_1_351' title='bbox 679 4553 770 4608; x_wconf 82' lang='lat' dir='ltr'><strong>tenet</strong></span> <span class='ocrx_word' id='word_1_352' title='bbox 797 4544 1000 4620; x_wconf 88' lang='lat' dir='ltr'><strong>immediate,</strong></span> <span class='ocrx_word' id='word_1_353' title='bbox 1023 4544 1064 4606; x_wconf 92' lang='lat' dir='ltr'><strong>de</strong></span> <span class='ocrx_word' id='word_1_354' title='bbox 1090 4563 1155 4625; x_wconf 92' lang='lat' dir='ltr'><strong>quo</strong></span> <span class='ocrx_word' id='word_1_355' title='bbox 1181 4541 1231 4606; x_wconf 90' lang='lat' dir='ltr'><strong>vel</strong></span> <span class='ocrx_word' id='word_1_356' title='bbox 1256 4542 1296 4604; x_wconf 91' lang='lat' dir='ltr'><strong>de</strong></span> <span class='ocrx_word' id='word_1_357' title='bbox 1326 4540 1443 4626; x_wconf 85' lang='lat' dir='ltr'><strong>quibus</strong></span> <span class='ocrx_word' id='word_1_358' title='bbox 1473 4541 1636 4624; x_wconf 77' lang='lat' dir='ltr'><strong>ignorant,</strong></span> <span class='ocrx_word' id='word_1_359' title='bbox 1660 4547 1749 4604; x_wconf 88' lang='lat' dir='ltr'><strong>certa</strong></span> 
     </span>
     <span class='ocr_line' id='line_1_38' title="bbox 244 4627 1749 4787; baseline -0.003 -91"><span class='ocrx_word' id='word_1_360' title='bbox 244 4638 348 4785; x_wconf 52' lang='lat' dir='ltr'><strong>¹tplrrafs</strong></span> <span class='ocrx_word' id='word_1_361' title='bbox 356 4638 395 4787; x_wconf 59' lang='lat' dir='ltr'><strong>red</strong></span> <span class='ocrx_word' id='word_1_362' title='bbox 409 4637 609 4708; x_wconf 75' lang='lat' dir='ltr'><strong>tenemento,</strong></span> <span class='ocrx_word' id='word_1_363' title='bbox 622 4651 685 4715; x_wconf 92' lang='lat' dir='ltr'><strong>que</strong></span> <span class='ocrx_word' id='word_1_364' title='bbox 712 4651 818 4714; x_wconf 88' lang='lat' dir='ltr'><strong>nuper</strong></span> <span class='ocrx_word' id='word_1_365' title='bbox 845 4631 977 4694; x_wconf 87' lang='lat' dir='ltr'><strong>fuerunt</strong></span> <span class='ocrx_word' id='word_1_366' title='bbox 1003 4629 1222 4694; x_wconf 90' lang='lat' dir='ltr'><strong>Bartholomei</strong></span> <span class='ocrx_word' id='word_1_367' title='bbox 1246 4627 1399 4712; x_wconf 89' lang='lat' dir='ltr'><strong>Burways</strong></span> <span class='ocrx_word' id='word_1_368' title='bbox 1419 4629 1452 4691; x_wconf 90' lang='lat' dir='ltr'><strong>in</strong></span> <span class='ocrx_word' id='word_1_369' title='bbox 1470 4629 1675 4695; x_wconf 80' lang='lat' dir='ltr'><strong>Hvaoaoosu</strong></span> <span class='ocrx_word' id='word_1_370' title='bbox 1691 4648 1749 4711; x_wconf 90' lang='lat' dir='ltr'><strong>per</strong></span> 
     </span>
    </p>
   </div>
   <div class='ocr_carea' id='block_1_12' title="bbox 242 4853 1750 5028">
    <p class='ocr_par' dir='ltr' id='par_1_12' title="bbox 242 4853 1750 5028">
     <span class='ocr_line' id='line_1_39' title="bbox 284 4853 1748 4940; baseline -0.004 -18"><span class='ocrx_word' id='word_1_371' title='bbox 284 4857 429 4922; x_wconf 85' lang='lat' dir='ltr'><strong>Heredes</strong></span> <span class='ocrx_word' id='word_1_372' title='bbox 454 4855 614 4924; x_wconf 90' lang='lat' dir='ltr'><strong>Willelmi</strong></span> <span class='ocrx_word' id='word_1_373' title='bbox 641 4854 846 4940; x_wconf 81' lang='lat' dir='ltr'><strong>Melmanger</strong></span> <span class='ocrx_word' id='word_1_374' title='bbox 872 4860 991 4919; x_wconf 89' lang='lat' dir='ltr'><strong>tenent</strong></span> <span class='ocrx_word' id='word_1_375' title='bbox 1015 4854 1210 4918; x_wconf 88' lang='lat' dir='ltr'><strong>immediate</strong></span> <span class='ocrx_word' id='word_1_376' title='bbox 1232 4853 1274 4918; x_wconf 93' lang='lat' dir='ltr'><strong>de</strong></span> <span class='ocrx_word' id='word_1_377' title='bbox 1298 4887 1471 4902; x_wconf 74' lang='lat'><strong>-—--</strong></span> <span class='ocrx_word' id='word_1_378' title='bbox 1496 4859 1583 4917; x_wconf 84' lang='lat' dir='ltr'><strong>certe</strong></span> <span class='ocrx_word' id='word_1_379' title='bbox 1598 4861 1700 4918; x_wconf 89' lang='lat' dir='ltr'><strong>terras</strong></span> <span class='ocrx_word' id='word_1_380' title='bbox 1714 4857 1748 4917; x_wconf 88' lang='lat' dir='ltr'><strong>et</strong></span> 
     </span>
     <span class='ocr_line' id='line_1_40' title="bbox 242 4939 1750 5028; baseline -0.003 -18"><span class='ocrx_word' id='word_1_381' title='bbox 242 4949 432 5010; x_wconf 82' lang='lat' dir='ltr'><strong>tenementn</strong></span> <span class='ocrx_word' id='word_1_382' title='bbox 456 4963 520 5028; x_wconf 91' lang='lat' dir='ltr'><strong>que</strong></span> <span class='ocrx_word' id='word_1_383' title='bbox 546 4961 653 5026; x_wconf 90' lang='lat' dir='ltr'><strong>nuper</strong></span> <span class='ocrx_word' id='word_1_384' title='bbox 677 4943 809 5006; x_wconf 84' lang='lat' dir='ltr'><strong>inerunt</strong></span> <span class='ocrx_word' id='word_1_385' title='bbox 831 4941 988 5009; x_wconf 89' lang='lat' dir='ltr'><strong>Willelmi</strong></span> <span class='ocrx_word' id='word_1_386' title='bbox 1015 4939 1221 5025; x_wconf 80' lang='lat' dir='ltr'><strong>Melmanger</strong></span> <span class='ocrx_word' id='word_1_387' title='bbox 1244 4941 1278 5004; x_wconf 94' lang='lat' dir='ltr'><strong>in</strong></span> <span class='ocrx_word' id='word_1_388' title='bbox 1307 4940 1477 5018; x_wconf 80' lang='lat' dir='ltr'><strong>Oouroao,</strong></span> <span class='ocrx_word' id='word_1_389' title='bbox 1505 4959 1561 5022; x_wconf 85' lang='lat' dir='ltr'><strong>per</strong></span> <span class='ocrx_word' id='word_1_390' title='bbox 1590 4941 1750 5005; x_wconf 89' lang='lat' dir='ltr'><strong>decimam</strong></span> 
     </span>
    </p>
   </div>
   <div class='ocr_carea' id='block_1_13' title="bbox 142 5031 1751 5244">
    <p class='ocr_par' dir='ltr' id='par_1_13' title="bbox 142 5031 1751 5244">
     <span class='ocr_line' id='line_1_41' title="bbox 242 5031 539 5116; baseline -0.01 -19"><span class='ocrx_word' id='word_1_391' title='bbox 242 5041 366 5116; x_wconf 87' lang='lat' dir='ltr'><strong>partem</strong></span> <span class='ocrx_word' id='word_1_392' title='bbox 382 5052 436 5096; x_wconf 92' lang='lat' dir='ltr'><strong>un.</strong></span> <span class='ocrx_word' id='word_1_393' title='bbox 452 5031 476 5096; x_wconf 81' lang='lat' dir='ltr'><strong>f.</strong></span> <span class='ocrx_word' id='word_1_394' title='bbox 493 5049 539 5097; x_wconf 92' lang='lat' dir='ltr'><strong>m.</strong></span> 
     </span>
     <span class='ocr_line' id='line_1_42' title="bbox 142 5164 1751 5244; baseline -0.006 -9"><span class='ocrx_word' id='word_1_395' title='bbox 142 5184 145 5190; x_wconf 59' lang='lat'><strong>⁴</strong></span> <span class='ocrx_word' id='word_1_396' title='bbox 287 5168 431 5234; x_wconf 81' lang='lat' dir='ltr'><strong>Heredes</strong></span> <span class='ocrx_word' id='word_1_397' title='bbox 444 5165 603 5237; x_wconf 87' lang='lat' dir='ltr'><strong>Willelmi</strong></span> <span class='ocrx_word' id='word_1_398' title='bbox 618 5165 659 5228; x_wconf 90' lang='lat' dir='ltr'><strong>de</strong></span> <span class='ocrx_word' id='word_1_399' title='bbox 677 5166 746 5244; x_wconf 69' lang='grc' dir='ltr'>(εἰς)</span> <span class='ocrx_word' id='word_1_400' title='bbox 764 5164 885 5228; x_wconf 89' lang='lat' dir='ltr'><strong>Gerald</strong></span> <span class='ocrx_word' id='word_1_401' title='bbox 909 5169 1021 5229; x_wconf 90' lang='lat' dir='ltr'><strong>tenent</strong></span> <span class='ocrx_word' id='word_1_402' title='bbox 1048 5165 1241 5229; x_wconf 85' lang='lat' dir='ltr'><strong>immediate</strong></span> <span class='ocrx_word' id='word_1_403' title='bbox 1264 5170 1355 5229; x_wconf 89' lang='lat' dir='ltr'><strong>certa</strong></span> <span class='ocrx_word' id='word_1_404' title='bbox 1380 5168 1481 5227; x_wconf 79' lang='lat' dir='ltr'><strong>terres</strong></span> <span class='ocrx_word' id='word_1_405' title='bbox 1506 5167 1540 5226; x_wconf 90' lang='lat' dir='ltr'><strong>et</strong></span> <span class='ocrx_word' id='word_1_406' title='bbox 1561 5168 1751 5226; x_wconf 80' lang='lat' dir='ltr'><strong>tenemento</strong></span> 
     </span>
    </p>
   </div>
   <div class='ocr_carea' id='block_1_14' title="bbox 243 5239 1751 5429">
    <p class='ocr_par' dir='ltr' id='par_1_14' title="bbox 243 5239 1751 5429">
     <span class='ocr_line' id='line_1_43' title="bbox 243 5239 1751 5342; baseline -0.007 -18"><span class='ocrx_word' id='word_1_407' title='bbox 243 5277 304 5341; x_wconf 89' lang='lat' dir='ltr'><strong>que</strong></span> <span class='ocrx_word' id='word_1_408' title='bbox 318 5277 423 5342; x_wconf 87' lang='lat' dir='ltr'><strong>nuper</strong></span> <span class='ocrx_word' id='word_1_409' title='bbox 436 5256 570 5320; x_wconf 81' lang='lat' dir='ltr'><strong>iuenmt</strong></span> <span class='ocrx_word' id='word_1_410' title='bbox 585 5252 747 5321; x_wconf 89' lang='lat' dir='ltr'><strong>Willelmi</strong></span> <span class='ocrx_word' id='word_1_411' title='bbox 762 5252 887 5317; x_wconf 84' lang='lat' dir='ltr'><strong>Gerald</strong></span> <span class='ocrx_word' id='word_1_412' title='bbox 901 5253 936 5317; x_wconf 91' lang='lat' dir='ltr'><strong>in</strong></span> <span class='ocrx_word' id='word_1_413' title='bbox 953 5239 1123 5331; x_wconf 73' lang='lat' dir='ltr'><strong>Bausoa&#39;n,</strong></span> <span class='ocrx_word' id='word_1_414' title='bbox 1134 5253 1174 5316; x_wconf 89' lang='lat' dir='ltr'><strong>de</strong></span> <span class='ocrx_word' id='word_1_415' title='bbox 1190 5273 1255 5338; x_wconf 90' lang='lat' dir='ltr'><strong>quo</strong></span> <span class='ocrx_word' id='word_1_416' title='bbox 1266 5253 1318 5316; x_wconf 89' lang='lat' dir='ltr'><strong>vel</strong></span> <span class='ocrx_word' id='word_1_417' title='bbox 1331 5253 1374 5316; x_wconf 89' lang='lat' dir='ltr'><strong>de</strong></span> <span class='ocrx_word' id='word_1_418' title='bbox 1388 5249 1507 5336; x_wconf 87' lang='lat' dir='ltr'><strong>quibus</strong></span> <span class='ocrx_word' id='word_1_419' title='bbox 1521 5249 1682 5334; x_wconf 85' lang='lat' dir='ltr'><strong>ignorant,</strong></span> <span class='ocrx_word' id='word_1_420' title='bbox 1694 5269 1751 5333; x_wconf 87' lang='lat' dir='ltr'><strong>per</strong></span> 
     </span>
     <span class='ocr_line' id='line_1_44' title="bbox 244 5342 1273 5429; baseline -0.008 -19"><span class='ocrx_word' id='word_1_421' title='bbox 244 5356 320 5410; x_wconf 65' lang='grc' dir='ltr'><strong>ω·</strong></span> <span class='ocrx_word' id='word_1_422' title='bbox 335 5351 461 5429; x_wconf 85' lang='lat' dir='ltr'><strong>partem</strong></span> <span class='ocrx_word' id='word_1_423' title='bbox 478 5361 534 5407; x_wconf 91' lang='lat' dir='ltr'><strong>un.</strong></span> <span class='ocrx_word' id='word_1_424' title='bbox 549 5342 573 5407; x_wconf 86' lang='lat' dir='ltr'><strong>i.</strong></span> <span class='ocrx_word' id='word_1_425' title='bbox 591 5363 636 5408; x_wconf 89' lang='lat' dir='ltr'><strong>m.</strong></span> <span class='ocrx_word' id='word_1_426' title='bbox 1269 5395 1273 5402; x_wconf 90' lang='lat'>.</span> 
     </span>
    </p>
   </div>
   <div class='ocr_carea' id='block_1_15' title="bbox 0 0 2056 6116">
    <p class='ocr_par' dir='ltr' id='par_1_15' title="bbox 0 0 2056 6116">
     <span class='ocr_line' id='line_1_45' title="bbox 0 0 2056 6116; baseline 0 0"><span class='ocrx_word' id='word_1_427' title='bbox 0 0 2056 6116; x_wconf 95' lang='lat' dir='ltr'><strong> </strong></span> 
     </span>
    </p>
   </div>
  </div>
 </body>
</html>
