4092 6117
869 584 952 651 ΑΙ).
979 587 1073 652 1428.
1656 585 1719 650 248

256 865 441 934 Willelmus
456 869 628 954 Deongeus
643 875 735 936 tenet
751 872 931 937 inmediote
944 871 986 936 de
1000 871 1150 939 Johsnue
1164 871 1278 957 'l'racy‚
1295 875 1330 937 in
1345 873 1486 958 socogio,
1509 877 1598 936 certa
1619 877 1719 936 terroe

213 958 249 1016 et
270 958 461 1020 tenemento
485 956 522 1020 in
546 958 656 1025 Psuvn
671 958 885 1040 Leucorum),
901 980 964 1046 que
986 980 1090 1044 nuper
1112 960 1246 1025 fuerunt
1272 957 1431 1024 Johcnnis
1453 959 1633 1044 Doungers,
1656 978 1720 1044 qne

212 1039 376 1195 ppecpioppp
389 1041 568 1201 lilplnsnnes
592 1045 695 1130 Ττεορ1
710 1052 801 1112 tenet
826 1046 1005 1111 inmediote
1029 1049 1070 1111 de
1095 1047 1263 1112 obbatisso
1278 1047 1447 1128 Wiltonie,
1464 1066 1523 1130 per
1548 1047 1719 1111 servicium

255 1265 421 1332 Johonnes
450 1266 607 1334 Stourtcn
636 1274 728 1335 tonet
757 1271 940 1338 inmediote
975 1271 1017 1337 de
1048 1273 1168 1336 comite
1205 1269 1396 1351 Sorisbnrie‚
1426 1275 1516 1338 certo
1552 1277 1655 1336 terres
1684 1273 1719 1333 et

213 1355 834 1512 igiffiiiiiiuadiflf.puiiv1i1.mwm'
851 1380 914 1445 que
939 1380 1044 1444 nuper
1067 1359 1201 1426 luerunt
1226 1359 1347 1425 Thome
1373 1359 1414 1423 de
1440 1359 1634 1443 Langeford,
1662 1377 1719 1442 per

256 1580 373 1653 Alicio,
395 1601 459 1668 qne
483 1582 549 1648 init
575 1602 656 1647 uxor
678 1582 803 1650 'l'homo
827 1583 982 1664 Bonnam,
1007 1590 1097 1649 tenet
1128 1584 1308 1648 inmediote
1338 1583 1380 1647 do
1410 1583 1543 1648 domino
1571 1603 1648 1669 rege
1676 1583 1718 1648 do

213 1667 337 1732 ducotu
353 1688 411 1733 suo
427 1669 628 1751 Inncestrie,
641 1670 684 1734 cd
698 1672 880 1735 terminum
895 1671 963 1736 vite
978 1692 1047 1752 sue,
1062 1677 1153 1736 certo
1166 1677 1269 1736 terres
1283 1675 1317 1736 et
1332 1676 1522 1736 tenemento
1536 1671 1572 1735 in
1595 1669 1719 1740 Modus

214 1753 457 1836 chouuuonn,
472 1777 537 1840 que
551 1777 658 1842 nuper
670 1757 805 1822 fuerunt
818 1758 978 1823 Johcnnis
993 1759 1034 1822 de
1050 1757 1209 1840 Benhom,
1226 1779 1283 1843 per
1298 1759 1471 1824 servicium
1485 1758 1531 1824 di.
1546 1757 1570 1826 1.
1585 1778 1641 1826 un.
1657 1778 1702 1828 m.

257 1890 423 1957 Johsnnes
438 1893 600 1960 Trethoek
616 1901 709 1959 tenet
730 1895 909 1960 inmediete
925 1896 964 1959 de
978 1894 1113 1961 domino
1136 1915 1212 1981 rege
1235 1895 1277 1959 de
1303 1896 1424 1960 ducctn
1450 1916 1508 1960 suo
1532 1895 1718 1960 Loncoetrie

214 1985 300 2044 certo
323 1987 422 2046 terres
444 1987 480 2045 et
505 1988 694 2046 tenemento
718 1984 753 2045 in
780 1982 901 2050 Mnoun
917 1983 1161 2062 Wvocuuvonn‚
1178 2003 1242 2066 que
1265 2002 1368 2066 nuper
1392 1984 1527 2047 filerunt
1542 1982 1612 2046 Ade
1628 1982 1669 2046 de
1685 1982 1717 2048 lo

216 2067 329 2146 Forde,
348 2089 402 2152 per
418 2068 592 2133 servicium
608 2068 654 2136 di.
671 2069 694 2134 1.
711 2089 765 2135 un.
783 2090 828 2137 m.

258 2203 418 2269 Koterino
432 2205 583 2292 Outtyng
593 2211 687 2270 tenet
696 2207 875 2272 inmediote
883 2208 923 2272 de
937 2205 1088 2271 Johonne
1104 2205 1253 2293 Guttyng
1268 2211 1358 2272 certe
1368 2213 1472 2271 terres
1483 2210 1518 2271 et
1529 2212 1718 2271 tenemento

213 2291 712 2448 ffipppmncppnp,lpnuemnuper
736 2294 872 2360 fuerunt
894 2295 1017 2359 Thome
1043 2295 1158 2380 Pycot,
1172 2301 1205 2358 et
1231 2296 1489 2378 porcenoriorum
1504 2314 1649 2372 suorum,
1664 2315 1720 2378 per

256 2516 430 2581 Abbctism
441 2516 600 2582 Wiltonie
615 2523 708 2584 tenet
722 2520 904 2585 inmediote
917 2521 959 2585 de
973 2520 1107 2584 domino
1122 2539 1196 2605 rege
1212 2525 1301 2583 certe
1316 2523 1415 2582 terroe
1430 2521 1466 2582 et
1481 2523 1669 2584 tenemento
1683 2519 1717 2582 in

214 2604 327 2683 ivm,
343 2605 451 2671 vas
466 2604 699 2674 chcunuonn
723 2613 759 2671 st
783 2608 1012 2674 Bnunncouns
1038 2608 1074 2671 in
1097 2627 1213 2691 puram
1234 2606 1458 2687 elemosinam,
1474 2626 1532 2690 ρετ
1546 2606 1718 2670 servicium

214 2711 269 2760 un.
285 2693 309 2759 1.
325 2713 371 2758 m.
387 2712 446 2776 pro
461 2692 580 2778 quibus
595 2693 692 2758 solvit
707 2693 853 2758 decimos
867 2695 998 2778 quondo
1012 2693 1140 2759 decime
1155 2698 1301 2761 currunt.

257 2827 444 2914 Stephanus
457 2828 618 2914 Pophnm,
635 2829 790 2908 ohivcler,
803 2835 897 2895 tenet
912 2831 1093 2896 inmediote
1106 2832 1148 2896 de
1164 2832 1284 2896 comite
1306 2828 1487 2895 Serisbnrie
1508 2837 1597 2895 certo
1615 2835 1720 2896 terres

214 2923 258 3067 pp]
274 2923 466 3070 tpnplmento
487 2918 524 2981 in
550 2918 780 2998 Fvssssuumu
797 2938 861 3002 que
875 2939 980 3004 nuper
994 2919 1131 2983 inerunt
1144 2918 1303 2983 Johonnis
1318 2916 1459 2997 Auctor,
1475 2937 1533 3002 per
1547 2917 1719 2983 servicium

258 3117 350 3184 Prior
373 3116 415 3181 de
441 3115 599 3201 Brodeley
614 3122 707 3182 tenet
728 3118 908 3183 inmediote
930 3118 972 3183 de
1229 3115 1233 3122 “
1264 3122 1353 3182 certo
1367 3124 1470 3182 terroe
1484 3121 1518 3182 et
1533 3121 1721 3182 tenemento

213 3204 249 3268 in
263 3202 385 3271 Mnons
400 3202 643 3284 Wvocunvonn,
658 3207 693 3270 in
708 3225 822 3291 purum
838 3207 1062 3286 elemosinam,
1077 3227 1135 3292 per
1150 3206 1322 3272 servicium
1337 3205 1383 3270 di.
1399 3203 1423 3274 1.
1439 3225 1495 3270 un.
1510 3225 1555 3272 m.

258 3341 415 3406 Priorioso
441 3341 481 3405 de
506 3339 727 3425 Ambresbury
757 3347 851 3408 tenet
880 3342 1062 3407 inmediote
1091 3342 1132 3406 de
1160 3343 1533 3406 ——certo
1565 3345 1663 3408 terres
1686 3345 1720 3405 et

214 3434 407 3494 tenemento
419 3429 454 3492 in
470 3428 616 3496 Bsnvvvn
630 3430 665 3492 in
680 3448 796 3511 purum
811 3430 1036 3508 elemosinam,
1049 3450 1108 3515 per
1123 3429 1296 3496 servicium
1311 3429 1357 3495 di.
1373 3427 1396 3494 1.
1413 3449 1460 3498 m.

257 3565 401 3631 Thomas
415 3564 617 3646 Beuumond,
633 3563 788 3644 ohivoler‚
802 3573 897 3631 tonet
910 3567 1092 3631 inmediote
1106 3567 1146 3631 de
1160 3567 1280 3630 comite
1303 3563 1494 3643 Sorisburie,
1509 3569 1598 3630 certo
1619 3569 1721 3630 tetros

215 3659 249 3718 et
264 3658 452 3717 tenemento
465 3653 501 3716 in
516 3654 701 3734 Assnnsorv,
717 3673 780 3738 qne
794 3673 899 3738 nuper
913 3653 1046 3718 fuerunt
1061 3653 1194 3722 Heurici
1208 3653 1249 3718 de
1264 3652 1454 3738 Wylynton,
1469 3671 1526 3736 per
1547 3653 1720 3718 servicium

215 3747 330 3827 quorte
341 3741 444 3824 portis
458 3741 484 3804 1.
498 3761 554 3808 un.
571 3761 617 3806 m.

258 3875 418 3957 Johonno,
432 3895 496 3960 que
510 3873 578 3939 init
592 3895 673 3939 uxor
687 3874 848 3940 Johonnis
862 3876 1012 3955 Povcok,
1027 3843 1118 3941 tenet
1133 3876 1314 3940 inmedinte
1339 3876 1381 3940 de
1403 3873 1552 3940 Johonne
1568 3874 1720 3960 Quynton

214 3963 256 4028 ed
269 3965 448 4029 terminum
464 3965 532 4027 vite
556 3983 613 4027 sue
636 3969 725 4027 certo
740 3969 843 4028 terres
856 3968 892 4029 et
907 3969 1099 4029 tenemento
1112 3966 1147 4029 in
1164 3964 1372 4042 Ououusuorv‚
1389 3983 1454 4047 que
1469 3982 1575 4045 nuper
1589 3962 1722 4028 fuerunt

216 4051 376 4115 Willelmi
392 4050 434 4115 de
448 4049 620 4130 Litelcote,
635 4070 693 4135 ρετ
707 4052 882 4116 servicium
897 4057 1013 4136 queste
1028 4053 1131 4137 portis
1149 4051 1169 4118 1.
1186 4071 1242 4118 uu.
1259 4072 1305 4120 m.

258 4188 417 4253 Rioordus
452 4187 628 4272 Ponyngys
656 4193 691 4251 et
722 4187 887 4266 Alienorn,
924 4207 1004 4252 uxor
1041 4189 1127 4274 ejus,
1156 4191 1272 4252 tenent
1300 4186 1482 4251 inmediote
1511 4185 1551 4250 de
1581 4185 1723 4250 Ricerdo

218 4276 420 4340 Moutrovers
445 4274 487 4338 od
510 4274 690 4338 terminum
718 4275 783 4338 vite
812 4275 958 4358 predicte
985 4276 1147 4356 Alieniore,
1171 4281 1258 4339 certo
1288 4279 1390 4338 ternos
1412 4278 1447 4336 et
1472 4278 1662 4338 tenemento
1687 4274 1721 4336 in

217 4364 588 4515 gvpnppnolpnusnouu,
620 4379 684 4444 que
720 4381 824 4445 nuper
858 4362 992 4427 fuerunt
1030 4363 1183 4427 Mourioii
1213 4361 1254 4425 de
1285 4360 1431 4440 Berkele,
1462 4380 1519 4445 per
1548 4360 1721 4426 servicium

259 4585 425 4653 Johonnes
449 4585 605 4672 Skillyng
628 4591 721 4650 tenet
745 4586 928 4651 inmediote
952 4587 993 4651 do
1017 4587 1150 4652 domino
1174 4605 1251 4670 rege
1266 4585 1308 4650 de
1323 4585 1446 4650 duootu
1461 4605 1520 4649 sno
1535 4585 1722 4650 Lancestrie

217 4682 306 4740 certo
320 4682 423 4739 terroe
438 4678 473 4738 et
487 4678 680 4738 tenemento
695 4673 728 4737 iu
745 4674 950 4754 Βοετεετοττ,
967 4695 1032 4760 que
1048 4695 1151 4758 nuper
1165 4673 1298 4738 fuerunt
1312 4669 1464 4736 Nicholoi
1479 4671 1521 4738 de
1536 4671 1722 4751 Rolveston,

217 4783 275 4846 per
288 4761 461 4827 servicium
476 4760 521 4824 di.
538 4761 561 4826 1.
577 4780 634 4826 un.
650 4780 696 4826 m.

259 4899 425 4965 Johounee
438 4884 575 4984 Moygn,¹
589 4895 696 4978 miles,
711 4904 804 4962 tenet
828 4898 1009 4963 inmedinte
1035 4898 1076 4962 de
1102 4897 1278 4963 heredibus
1303 4897 1455 4982 lingonis
1481 4895 1609 4961 Giti'urd
1633 4903 1723 4962 certo

215 4991 567 5144 ἓρρειρὲἱὲεωεηη
580 4986 616 5049 in
632 4984 851 5066 Msnvuonorv,
863 5006 926 5071 que
940 5005 1045 5070 nuper
1060 4987 1191 5052 fuerunt
1206 4984 1331 5050 Thome
1345 4983 1465 5069 Pykot,
1480 5004 1536 5070 per
1549 4985 1722 5049 servicium

258 5205 444 5272 willelmus
474 5203 638 5268 Botreoux
667 5205 760 5267 tenet
788 5203 970 5268 inmodicte
998 5203 1041 5267 de
1071 5205 1191 5267 comite
1220 5201 1402 5267 Sorisburic
1437 5205 1527 5266 certo
1554 5205 1658 5264 terres
1687 5205 1723 5268 et

216 5298 406 5360 tenemento
431 5293 468 5356 in
497 5291 703 5369 Semnones,
732 5309 795 5374 que
823 5310 928 5375 nuper
956 5291 1092 5355 fuerunt
1121 5289 1296 5356 Alexandri
1325 5289 1366 5353 de
1396 5285 1498 5376 Seynt
1531 5285 1636 5367 Iove,
1666 5309 1723 5377 per

216 5383 390 5448 servicium
404 5377 482 5468 iiij·
501 5379 605 5464 portis
619 5377 644 5444 1.
659 5396 717 5442 un.
732 5398 779 5446 m.
