4092 6117
997 587 1213 674 SUFF'OLK.

807 885 1044 975 [Hurnennuu
1068 886 1127 975 ne]
1157 888 1271 957 GOLN
1281 886 1405 976 [uls]

393 1023 570 1109 Inquieieio
593 1030 689 1109 cepte
714 1046 821 1089 eorum
848 1026 990 1090 Henrico
1012 1027 1053 1090 de
1077 1027 1231 1090 Elmhem
1254 1032 1316 1090 etc.
1347 1032 1393 1105 (ae
1418 1029 1545 1110 before),
1561 1026 1648 1089 laete
1673 1024 1728 1087 die
1755 1024 1847 1086 Lnne

347 1113 585 1263 {liutizi
600 1114 849 1264 fililesffll
865 1114 1051 1266 issrllll
1066 1112 1848 1265 uirilfflbrlrlilllrllll

349 1246 525 1349 Ricarllum
550 1244 590 1349 de
617 1221 799 1366 Ιὲθυθῦαοὶι,
824 1248 999 1352 Ricardum
1026 1250 1066 1351 de
1090 1288 1282 1373 Lengielon,
1307 1247 1474 1351 Andreani
1494 1221 1542 1349 digl
1570 1284 1673 1364 Helh,
1688 1242 1848 1348 Andreum’

350 1371 478 1449 Aldelh,
502 1372 686 1437 Johannem
711 1374 857 1452 Edwnffi,
881 1373 1085 1440 willelmum
1110 1374 1300 1456 Heymuud,
1325 1374 1513 1438 Juhennem
1537 1374 1579 1437 de
1605 1371 1762 1450 Weethel,
1789 1369 1848 1456 qui

344 1457 449 1543 jurati
465 1460 579 1524 dieunt
595 1482 653 1544 per
669 1472 906 1526 sacramentum
922 1482 1019 1526 suum
1034 1461 1121 1546 quod
1131 1487 1184 1529 :-

394 1646 507 1726 Meria,
519 1649 682 1712 comitisse
698 1647 886 1728 Norffolkie,
898 1654 990 1713 tenet
1004 1651 1185 1713 manerium
1200 1649 1241 1713 de
1254 1650 1400 1717 Wrurou
1414 1670 1474 1733 per
1488 1647 1525 1734 ij.
1541 1649 1564 1714 f.
1580 1668 1627 1715 m.
1642 1647 1683 1711 de
1696 1647 1846 1730 episeopo

350 1733 494 1817 Elyensi,
508 1740 542 1797 el
557 1734 612 1798 ille
627 1736 666 1799 de
681 1756 769 1819 rege,
786 1735 870 1821 quod
885 1737 1030 1821 Rogerus
1046 1736 1146 1822 Bigot
1159 1757 1261 1820 nuper
1276 1738 1395 1802 tenuit.

394 1887 540 1972 Rogerns
551 1887 644 1971 Virly
658 1893 750 1951 tenet
761 1888 787 1973 j.
796 1894 902 1972 quart.
920 1890 944 1955 f.
957 1910 1002 1955 m.
1013 1890 1048 1952 in
1064 1889 1269 1956 'funuernum
1283 1890 1324 1953 de
1339 1889 1486 1972 predicte
1501 1888 1617 1967 Maria,
1629 1888 1849 1965 comitissam

351 1975 788 2126 fflpnppippppeppplffienei
802 1982 835 2039 el
851 1976 907 2039 ille
922 1976 961 2039 de
987 1997 1072 2062 rege,
1097 1977 1183 2061 quod
1208 1974 1375 2041 Johannee
1399 1976 1520 2061 Spring
1546 1995 1652 2061 nuper
1675 1977 1786 2039 tenuit
1808 1974 1848 2039 de

394 2210 553 2275 Roberlus
567 2211 607 2274 de
625 2210 764 2289 Skel(ee)
783 2215 875 2275 tenet
893 2211 919 2295 j.
934 2216 1040 2294 queri.
1055 2210 1078 2275 f.
1094 2232 1139 2277 m.
1155 2212 1190 2275 iu
1207 2211 1412 2277 Tneunnurn
1438 2211 1479 2275 de
1504 2209 1652 2295 prediola
1677 2210 1795 2287 Maria,
1813 2214 1849 2274 el

350 2298 475 2399 illude
496 2300 656 2383 episcope,
673 2306 707 2363 el
733 2299 789 2362 ille
815 2299 856 2361 de
878 2319 965 2382 rege,
990 2297 1076 2383 quod
1104 2298 1262 2363 Robertue
1286 2298 1427 2378 Skullee)
1452 2317 1558 2383 nuper
1578 2298 1690 2362 tenuit
1703 2298 1745 2362 de
1760 2296 1848 2360 <liele

351 2404 507 2451 muneno.

394 2529 557 2594 Johennes
581 2528 701 2593 Weffre
728 2534 819 2593 leuel
841 2529 887 2595 di.
905 2530 927 2595 f.
944 2551 990 2595 m.
1016 2530 1049 2592 in
1078 2529 1284 2596 'innumere
1309 2529 1351 2593 de
1377 2529 1523 2612 predicte
1546 2528 1663 2609 Maria,
1688 2531 1723 2591 et
1738 2526 1796 2590 ille
1809 2527 1848 2590 de

351 2619 503 2719 episeopo
518 2616 664 2701 Elyenei,
682 2624 718 2681 el
740 2616 796 2680 ille
822 2616 862 2681 de
887 2638 973 2701 rege,
987 2615 1074 2700 quod
1090 2616 1274 2680 Willelmue
1289 2615 1408 2679 Videln
1433 2636 1538 2700 nuper
1564 2618 1671 2680 tenuit
1698 2615 1739 2679 de
1762 2614 1850 2677 dictu

352 2722 508 2767 meneno.

396 2854 580 2919 willelmus
605 2854 723 2938 Oudyn
747 2859 839 2917 tenet
862 2854 907 2919 di.
924 2854 947 2919 f.
964 2875 1009 2920 m.
1026 2856 1063 2918 in
1089 2855 1294 2921 Terrenum
1318 2855 1359 2919 de
1383 2854 1531 2939 predicte
1555 2854 1672 2934 Maria,
1689 2851 1849 2918 elillade

350 2943 510 3026 episeopo,
528 2948 561 3005 et
576 2941 634 3004 ille
649 2942 689 3004 de
703 2960 790 3025 rege,
805 2941 892 3025 quod
909 2941 1095 3006 Willelmue
1110 2939 1226 3025 Oudyn
1242 2962 1346 3026 nuper
1360 2943 1472 3006 tenuit
1485 2941 1525 3005 de
1539 2942 1629 3005 dicto
1643 2942 1797 3007 manerio.

395 3094 556 3157 Henrieue
571 3094 610 3157 de
626 3092 812 3157 Geldeeolee
828 3098 920 3157 tenet
934 3099 1084 3177 quartam
1108 3094 1333 3176 patiemim.
1349 3094 1384 3157 iu
1410 3093 1616 3159 'ferremere
1641 3092 1682 3156 de
1705 3092 1850 3174 prediola

352 3182 467 3333 pgpplriat,
484 3187 518 3245 et
532 3180 589 3243 ille
604 3182 645 3245 de
660 3181 810 3264 episeopo
826 3180 970 3264 Elyensi,
986 3186 1020 3245 et
1035 3181 1090 3244 ille
1105 3181 1146 3243 de
1161 3201 1246 3264 rege,
1255 3181 1340 3265 quod
1356 3181 1537 3246 Willelmue
1551 3179 1734 3245 Oeldeeolie
1748 3199 1851 3263 nuper

395 3403 536 3469 Thomas
561 3404 602 3468 de
625 3403 773 3467 Holbrolr
796 3407 891 3467 leuel
916 3404 944 3489 j.
973 3406 997 3469 f.
1023 3425 1069 3470 m.
1094 3406 1129 3467 in
1154 3404 1313 3471 Nruurorr
1338 3404 1379 3468 de
1404 3409 1509 3469 uestro
1535 3406 1575 3468 de
1600 3404 1738 3487 Demere,
1763 3404 1849 3488 quod

350 3490 514 3557 Johenuee
530 3492 570 3557 de
585 3491 730 3555 Holbrok
745 3512 851 3575 nuper
865 3495 978 3555 tenuit
991 3492 1033 3556 de
1047 3497 1153 3555 cestro
1168 3492 1209 3555 de
1223 3491 1362 3559 Dovere.

395 3640 530 3704 Isebelle
543 3639 675 3704 Peverel
689 3644 781 3703 leuel
797 3640 840 3705 di.
857 3640 879 3704 l.
895 3661 940 3706 m.
957 3640 992 3703 in
1020 3639 1225 3706 Tnenuneun
1250 3640 1292 3705 de
1315 3640 1461 3704 manerio
1487 3641 1552 3720 (de)
1581 3639 1792 3717 Dovereourl,
1814 3645 1849 3703 el

349 3728 609 3880 iDllpvtergpppptlur)
642 3728 683 3791 de
711 3745 797 3810 rege,
826 3726 913 3809 quod
942 3725 1108 3791 Johennee
1138 3727 1268 3814 Spryng
1296 3747 1401 3812 nuper
1430 3728 1542 3791 tenuit
1571 3727 1612 3789 de
1638 3728 1782 3790 manerio
1807 3725 1848 3790 de

394 3951 561 4015 Johunuee
576 3949 696 4019 Waffre
712 3955 804 4015 tenet
818 3956 967 4034 quartem
985 3958 1113 4035 perlem
1129 3953 1152 4018 f.
1168 3972 1213 4017 m.
1229 3954 1265 4015 in
1280 3952 1486 4018 Taurunum
1502 3950 1543 4015 de
1569 3949 1716 4034 predicte
1730 3950 1847 4030 Maria,

352 4040 529 4191 goffipea,
543 4042 578 4103 el
592 4038 649 4101 ille
664 4037 704 4101 de
729 4058 813 4123 rege,
838 4039 923 4122 quod
949 4038 1132 4102 Willelmus
1156 4039 1275 4103 Videlu
1301 4060 1404 4122 nuper
1428 4040 1539 4102 tenuit
1564 4039 1605 4103 de
1631 4038 1757 4123 Rogero
1782 4036 1849 4102 filiu

396 4261 580 4326 Willelmue
595 4261 707 4325 Ruseel
723 4267 814 4326 tenet
828 4266 978 4348 quartem
995 4269 1119 4347 partem
1134 4263 1157 4328 f.
1173 4284 1218 4329 m.
1233 4264 1269 4327 in
1282 4213 1488 4330 erroneum
1503 4263 1545 4327 de
1560 4262 1692 4326 domine
1709 4260 1847 4340 Femur,

352 4348 467 4501 ptepgp
462 4347 544 4499 hpilee
556 4369 646 4435 rege,
671 4350 757 4432 quod
784 4350 974 4413 Edmundus
1000 4350 1040 4414 de
1066 4350 1267 4436 Hastinggee
1291 4371 1395 4433 nuper
1423 4352 1533 4414 tenuit
1563 4350 1604 4413 de
1634 4350 1779 4413 manerio
1807 4348 1848 4413 de

396 4582 502 4646 illicia
517 4583 664 4667 Quynler
680 4588 772 4647 leuel
787 4582 856 4669 viij.
875 4590 999 4666 partem
1015 4586 1038 4651 f.
1055 4606 1100 4650 m.
1115 4586 1149 4647 in
1166 4584 1371 4650 Treui-runnu
1388 4585 1427 4647 de
1442 4584 1587 4668 predicta
1604 4583 1719 4661 Maria,
1735 4587 1771 4647 el
1789 4582 1848 4647 illu

353 4671 393 4736 de
407 4690 494 4752 rege,
509 4670 594 4753 quod
609 4668 771 4732 lohannes
785 4670 824 4733 de
841 4669 985 4754 Peylone
1001 4692 1102 4755 nuper
1116 4674 1226 4734 tenuit
1241 4672 1281 4735 de
1296 4678 1402 4735 castro
1416 4672 1457 4734 de
1472 4668 1757 4755 Frumelynghem.

396 4820 552 4905 Olyverne
568 4819 608 4881 de
626 4818 774 4882 Strellon
790 4824 881 4882 tenet
897 4820 942 4885 di.
958 4820 981 4885 f.
998 4841 1044 4885 m.
1061 4822 1094 4883 in
1113 4820 1281 4887 Serimon
1297 4823 1337 4885 de
1352 4821 1505 4899 Roberbo,
1529 4823 1650 4885 comite
1676 4821 1847 4900 Suffolkie,

351 4912 386 4973 et
399 4908 456 4970 ille
472 4906 512 4969 de
529 4928 615 4991 rege,
629 4907 715 4989 quod
730 4906 925 4969 Godeiridue
941 4907 981 4970 de
995 4907 1143 4971 Strallon
1158 4929 1261 4992 nuper
1274 4910 1385 4973 lenuit
1399 4910 1439 4972 de
1453 4906 1574 4972 honore
1589 4908 1631 4971 de
1647 4909 1726 4992 Eye.

394 5057 554 5133 Johanna,
578 5055 741 5139 quondum
770 5074 850 5119 uxor
878 5056 1028 5120 Johanne
1056 5056 1098 5120 de
1120 5055 1363 5141 Goldynghem‚
1385 5062 1479 5121 leuel
1498 5057 1525 5142 j.
1549 5064 1660 5141 quert.
1688 5056 1712 5123 f.
1738 5077 1783 5123 m.
1810 5058 1846 5121 in

352 5146 534 5210 Leururou
556 5144 596 5207 de
617 5141 764 5225 predicta
787 5141 901 5220 Maria,
929 5144 1104 5221 eomitissa,
1119 5149 1155 5207 el
1167 5143 1224 5207 illa
1239 5145 1280 5208 de
1295 5164 1382 5229 rege,
1398 5144 1486 5227 quod
1500 5143 1680 5208 Nielroleue
1697 5144 1739 5207 de
1754 5144 1846 5208 Dene

351 5239 386 5297 el
401 5232 592 5314 Murgeretn¹
609 5248 689 5291 uxor
703 5228 784 5313 ejus,
801 5247 905 5311 nuper
919 5234 1097 5295 tenuerunt
1111 5232 1151 5294 de
1166 5238 1270 5295 uuetro
1284 5231 1325 5299 de
1339 5230 1627 5323 Fremelynghem.

397 5384 437 5453 In
451 5381 543 5472 eujus
557 5384 603 5446 rei
618 5381 845 5451 testimonium
860 5387 925 5455 eto,
