4092 6117
336 609 400 675 118
992 603 1183 680 abusui.

373 897 424 963 De
437 898 548 982 aliquo
561 898 703 963 subsidio
726 899 874 983 parochie
895 901 1031 965 ecclesie
1046 904 1087 965 de
1105 904 1230 969 Sanam
1246 901 1399 977 Maurus,
1422 899 1541 983 quaed
1557 922 1583 964 c.
1594 923 1620 965 a.
1636 899 1825 982 abantiquo

329 984 512 1065 taxabatur,
528 1006 593 1050 non
616 987 823 1070 respondent,
837 1008 876 1051 eo
900 989 986 1073 quod
1012 1008 1078 1052 non
1102 995 1181 1053 sunt
1205 1009 1266 1051 nec
1291 994 1437 1073 tempore
1462 988 1676 1068 concessionis
1691 985 1825 1050 subsidii

329 1072 469 1154 predicti
494 1092 551 1137 seu
577 1080 689 1156 postea
711 1076 845 1139 fuerunt
868 1076 991 1139 ibidem
1017 1077 1130 1140 decem
1159 1074 1382 1140 inhabitantes
1412 1076 1581 1139 domicilia
1611 1080 1774 1149 tenentes,
1788 1078 1825 1135 ut

329 1158 445 1223 dicunt
460 1181 557 1245 super
572 1170 813 1227 sacramentum
829 1183 937 1229 suum.

372 1296 440 1362 Nec
460 1299 657 1383 respondent
678 1300 720 1363 de
741 1301 851 1384 aliquo
873 1300 1063 1387 hujusmodi
1087 1303 1232 1367 subsidio
1256 1298 1404 1387 parochie
1419 1301 1552 1365 ecclesie
1567 1300 1607 1365 de
1622 1300 1821 1375 Hnuunuou,

330 1405 393 1468 que
405 1386 447 1449 ad
462 1408 524 1452 ce.
540 1387 580 1451 ab
595 1388 731 1473 antiqno
746 1389 920 1454 taxabatur
933 1410 992 1474 per
1007 1411 1130 1455 annum
1145 1410 1241 1454 causa
1256 1389 1428 1455 consimili.

830 1626 969 1695 Buasus
991 1650 1036 1695 nn
1059 1627 1333 1697 GILDEFORD.

374 1762 520 1827 Ecclesia
535 1764 662 1833 sinoce
678 1764 868 1832 [lamminis
883 1768 968 1831 infra
983 1768 1122 1853 burgum
1138 1767 1331 1851 predictum,
1346 1784 1409 1850 qne
1424 1764 1514 1847 prius
1529 1782 1593 1825 non
1608 1761 1780 1825 taxabatur
1793 1766 1826 1823 et

330 1852 426 1914 modo
441 1851 481 1914 de
496 1872 578 1916 novo
592 1858 722 1916 taxatur
735 1854 776 1917 ad
791 1855 834 1919 lx.
846 1877 872 1919 s.
889 1857 974 1918 sicut
988 1857 1176 1919 continetur
1190 1856 1224 1918 in
1239 1853 1378 1938 quadam
1393 1852 1607 1936 inquisicione
1622 1851 1701 1913 inde
1723 1868 1825 1911 coram

330 1937 465 2039 prefatis
480 1938 703 2004 collectoribus
718 1948 814 2025 capta
829 1947 864 2005 et
878 1963 974 2025 penes
988 1942 1047 2007 has
1062 1943 1238 2027 particulas
1260 1946 1457 2019 remanente,
1473 1938 1559 2002 unde
1585 1937 1763 2002 subsidium
1776 1960 1826 2001 :-

333 2046 376 2109 vJ.
386 2048 413 2091 s.

376 2161 521 2226 Ecclesia
545 2164 659 2232 Basra
685 2165 798 2233 Mnus
824 2167 961 2245 ibidem,
974 2189 1038 2252 que
1054 2168 1244 2252 abantiquo
1260 2164 1437 2231 taxabatur
1450 2165 1492 2228 ad
1507 2185 1567 2229 us.
1584 2161 1679 2226 modo
1694 2161 1736 2225 de
1749 2180 1827 2224 novo

330 2251 533 2401 ppssitprimpld
558 2253 696 2405 epnplem
726 2275 899 2333 summam,
928 2257 1013 2319 sicut
1042 2258 1227 2319 continetur
1256 2256 1291 2317 in
1328 2253 1444 2318 eedem
1480 2252 1704 2334 inquisicione,
1743 2248 1826 2312 unde

374 2473 508 2577 Summa
533 2477 669 2541 subsidii
692 2477 730 2564 ij.
756 2478 982 2563 parochiarum
1008 2479 1230 2565 predictarum
1242 2478 1400 2564 :-xv1'.s.
1427 2476 1512 2541 unde
1536 2475 1708 2540 distinccio
1737 2476 1827 2558 patet

330 2581 488 2645 superius.

374 2730 557 2793 Onerantur
571 2751 670 2815 super
684 2740 871 2815 compotum
890 2735 930 2798 de
944 2734 1006 2821 iiij.
1018 2760 1044 2801 r.
1060 2736 1100 2799 de
1114 2735 1304 2821 hujusmodi
1319 2734 1465 2798 subsidio
1480 2734 1644 2817 pensionis
1660 2730 1773 2816 prioris
1788 2729 1826 2793 de
1882 2796 1888 2806 ,

330 2815 459 2881 Merton
474 2819 510 2880 in
525 2818 710 2903 supradicta
724 2822 860 2884 ecclesia
875 2823 987 2889 Busan
1004 2824 1117 2889 Maura
1129 2824 1170 2887 de
1182 2822 1399 2902 (insanimus,
1412 2842 1475 2907 que
1491 2820 1531 2885 ad
1546 2819 1623 2885 xla.
1639 2820 1826 2902 abantiquo

331 2904 505 2969 taxabatur
519 2926 578 2990 per
591 2926 722 2971 annum.

373 3038 418 3102 Et
452 3045 628 3105 onerantur
664 3048 727 3107 etc.
757 3042 799 3106 de
829 3043 916 3129 vid.
952 3045 992 3109 de
1029 3046 1218 3132 hujusmodi
1258 3046 1402 3111 subsidio
1439 3046 1602 3129 pensionis
1638 3045 1754 3129 prioris
1788 3044 1826 3107 de

330 3125 572 3213 Bisshopisgate
595 3130 631 3192 in
653 3131 839 3212 supradicta
864 3132 1001 3196 ecclesia
1029 3134 1068 3198 de
1094 3133 1299 3215 Woun(1r)su
1326 3155 1399 3197 cum
1426 3134 1557 3211 vicaria,
1571 3152 1634 3216 que
1648 3132 1689 3195 ed
1705 3152 1774 3198 us.
1789 3132 1828 3195 ab

329 3214 466 3298 antiqno
481 3214 655 3280 taxabatur
668 3237 875 3301 perannum.

373 3348 418 3411 Et
439 3355 616 3416 onerantur
641 3358 705 3419 etc.
733 3355 773 3418 de
799 3354 891 3442 sija.
914 3356 955 3420 de
981 3356 1128 3421 subsidio
1151 3358 1315 3441 pensionis
1342 3356 1573 3420 monachorum
1600 3358 1641 3421 de
1668 3354 1772 3421 Leuis
1793 3359 1826 3419 in

329 3437 517 3520 supradicta
530 3439 667 3505 ecclesia
679 3439 720 3505 de
736 3442 899 3510 Donnruo
913 3466 989 3507 cum
1004 3444 1139 3529 capella,
1154 3466 1216 3529 que
1231 3445 1272 3508 ad
1287 3444 1330 3510 ix.
1341 3467 1416 3510 mro.
1433 3444 1474 3508 ab
1496 3446 1632 3529 antiquo
1657 3444 1826 3508 taxabatur

330 3544 388 3607 per
402 3543 536 3589 annum.

372 3660 420 3725 Et
432 3668 604 3727 onerantur
619 3670 684 3731 etc.
700 3663 741 3729 de
756 3664 818 3752 iiij.
828 3689 854 3732 e.
870 3667 911 3731 de
937 3667 1127 3754 hujusmodi
1152 3667 1297 3731 subsidio
1321 3666 1486 3750 pensionis
1512 3668 1627 3751 prioris
1642 3666 1683 3731 de
1698 3666 1827 3731 Merton

328 3750 363 3811 in
379 3750 566 3833 supradicta
579 3751 715 3817 ecclesia
728 3754 768 3817 de
783 3756 950 3835 Iwnunsu,
966 3776 1031 3840 que
1046 3755 1088 3820 od
1103 3756 1146 3821 xl.
1157 3778 1183 3821 e.
1198 3755 1238 3818 ab
1253 3757 1389 3839 antiquo
1403 3754 1576 3818 taxabatur
1591 3775 1796 3839 perannum.

374 3890 419 3954 Et
447 3897 622 3956 onerantur
651 3900 715 3959 ete.
742 3895 783 3958 de
811 3894 914 3981 iiijfld
929 3894 969 3958 de
997 3895 1188 3981 hujusmodi
1219 3894 1364 3958 subsidio
1394 3894 1562 3979 pensionis
1793 3896 1826 3958 in

330 3978 519 4061 supradicta
533 3981 670 4044 ecclesia
684 3979 726 4044 de
738 3982 974 4062 Duurnsrono,
990 4003 1053 4065 que
1068 3980 1109 4045 ad
1125 3982 1175 4068 iij.
1185 4006 1212 4049 a.
1229 3980 1290 4067 iiij.
1300 3982 1331 4047 d.
1347 3981 1388 4044 ab
1413 3981 1550 4065 antiquo
1572 3979 1748 4045 taxabatur
1772 4002 1827 4065 per

330 4085 464 4129 annum.
1036 4084 1042 4096 '

375 4177 421 4241 Et
444 4182 620 4242 onerantur
644 4183 707 4245 etc.
731 4179 772 4242 de
797 4178 880 4266 ija.
897 4183 946 4246 cb.
963 4181 1004 4244 de
1030 4180 1217 4265 hujusmodi
1244 4179 1388 4245 subsidio
1415 4180 1576 4263 pensionis
1598 4216 1773 4228 —-—
1793 4183 1827 4245 in

329 4264 515 4350 supradicta
529 4266 661 4330 eeclesia
675 4266 716 4331 de
732 4268 948 4347 Nnuunonnn,
963 4289 1027 4351 qne
1043 4269 1084 4333 ad
1100 4268 1135 4355 ij.
1145 4292 1172 4333 a.
1190 4267 1381 4352 abantiquo
1396 4268 1565 4331 taxabatur
1581 4289 1784 4352 perannum.

375 4401 421 4465 Et
444 4407 617 4467 onerantur
639 4408 704 4469 etc.
720 4404 761 4468 de
777 4404 865 4469 ind.
881 4406 928 4470 ob.
944 4403 1031 4489 q⁰de
1056 4403 1243 4490 hujusmodi
1271 4404 1415 4468 subsidio
1440 4405 1604 4488 pensionis
1630 4407 1763 4469 sacriste
1789 4408 1827 4470 de

331 4488 508 4575 Chertesey
522 4491 558 4554 in
581 4493 766 4574 supradicta
786 4492 922 4557 ecclesia
946 4494 987 4555 de
1013 4493 1181 4573 Consanos,
1198 4514 1260 4576 que
1275 4492 1316 4555 ad
1332 4491 1433 4578 viijs.
1450 4492 1490 4555 ab
1506 4494 1642 4576 antiquo
1656 4494 1828 4558 taxabatur

331 4598 389 4661 per
403 4597 536 4644 annum.

375 4714 420 4778 lit
444 4721 620 4779 onerantur
643 4723 706 4782 eto.
721 4717 761 4780 de
776 4716 846 4804 ijs.
869 4717 980 4804 vilici.
1005 4719 1047 4781 de
1073 4714 1262 4801 hujusmodi
1289 4717 1435 4781 subsidio
1462 4717 1626 4801 pensionis
1649 4719 1765 4800 prioris
1790 4719 1828 4781 de

332 4803 464 4867 Merton
488 4805 524 4867 in
550 4804 736 4888 supradicta
759 4805 894 4867 ecclesia
920 4806 960 4869 de
983 4805 1284 4890 limosamque
1309 4805 1350 4867 ad
1376 4805 1496 4890 xxvia.
1511 4802 1623 4890 viijd.
1639 4804 1828 4889 abantiquo

331 4890 503 4955 taxabatur
516 4912 574 4975 per
588 4911 723 4957 annum.

375 5029 419 5092 Et
442 5035 616 5094 onerantur
640 5038 702 5093 etc.
727 5030 767 5092 de
790 5028 893 5114 xiiia.
911 5030 979 5093 nd.
994 5030 1035 5093 de
1062 5028 1249 5114 hujusmodi
1264 5030 1409 5094 subsidio
1423 5050 1454 5095 x.
1469 5048 1651 5092 marcarum
1667 5035 1702 5092 et
1718 5026 1825 5116 viijd.

332 5136 412 5201 quos
427 5115 579 5181 monachi
592 5118 635 5181 de
648 5115 750 5181 Stcke
765 5118 948 5199 percipiunt
961 5119 997 5180 in
1012 5119 1200 5199 supradicta
1214 5117 1351 5181 ecclesia
1365 5117 1406 5180 de
1421 5117 1604 5183 worma.

375 5252 419 5316 Et
433 5261 607 5318 onerantur
619 5260 683 5320 etc.
695 5254 735 5317 de
749 5249 855 5337 xvj.d.
868 5253 909 5316 de
920 5254 1106 5340 hujusmodi
1122 5253 1265 5318 subsidio
1280 5255 1446 5337 pensionis
1461 5254 1593 5316 sacriste
1609 5252 1649 5316 de
1660 5252 1826 5337 Chertesey

330 5341 366 5403 in
391 5342 576 5424 supradicta
598 5342 734 5406 ecclesia
756 5342 798 5405 de
824 5340 1033 5421 Gnnnnssnr,
1050 5362 1113 5425 que
1137 5341 1180 5405 ad
1203 5340 1308 5427 xiiis.
1325 5338 1431 5428 iiij.d.
1447 5339 1487 5404 ab
1503 5342 1640 5425 antiquo
1656 5341 1826 5405 taxabatur

331 5448 388 5511 per
402 5448 536 5495 annum.
