<?xml version="1.0" encoding="UTF-8"?>
<!DOCTYPE html PUBLIC "-//W3C//DTD XHTML 1.0 Transitional//EN"
    "http://www.w3.org/TR/xhtml1/DTD/xhtml1-transitional.dtd">
<html xmlns="http://www.w3.org/1999/xhtml" xml:lang="en" lang="en">
 <head>
  <title>
</title>
<meta http-equiv="Content-Type" content="text/html;charset=utf-8" />
  <meta name='ocr-system' content='tesseract 3.04.00' />
  <meta name='ocr-capabilities' content='ocr_page ocr_carea ocr_par ocr_line ocrx_word'/>
</head>
<body>
  <div class='ocr_page' id='page_1' title='image "./inquisitionsand03offigoog_0294.png"; bbox 0 0 4092 6117; ppageno 0'>
   <div class='ocr_carea' id='block_1_1' title="bbox 313 552 1197 633">
    <p class='ocr_par' dir='ltr' id='par_1_1' title="bbox 313 552 1197 633">
     <span class='ocr_line' id='line_1_1' title="bbox 313 552 1197 633; baseline 0.009 -11"><span class='ocrx_word' id='word_1_1' title='bbox 313 552 376 626; x_wconf 77' lang='lat'>278</span> <span class='ocrx_word' id='word_1_2' title='bbox 925 557 1197 633; x_wconf 78' lang='lat' dir='ltr'><strong>WILTSHIRE.</strong></span> 
     </span>
    </p>
   </div>
   <div class='ocr_carea' id='block_1_2' title="bbox 312 834 1814 1102">
    <p class='ocr_par' dir='ltr' id='par_1_2' title="bbox 312 834 1814 1102">
     <span class='ocr_line' id='line_1_2' title="bbox 359 834 1813 928; baseline 0.006 -32"><span class='ocrx_word' id='word_1_3' title='bbox 359 834 541 902; x_wconf 89' lang='lat' dir='ltr'>Willelmus</span> <span class='ocrx_word' id='word_1_4' title='bbox 555 839 647 904; x_wconf 85' lang='lat' dir='ltr'>Horu</span> <span class='ocrx_word' id='word_1_5' title='bbox 662 845 756 904; x_wconf 81' lang='lat' dir='ltr'>tenet</span> <span class='ocrx_word' id='word_1_6' title='bbox 770 841 951 906; x_wconf 80' lang='lat' dir='ltr'>inmediate</span> <span class='ocrx_word' id='word_1_7' title='bbox 965 840 1007 906; x_wconf 88' lang='lat' dir='ltr'>ds</span> <span class='ocrx_word' id='word_1_8' title='bbox 1022 843 1151 926; x_wconf 80' lang='lat' dir='ltr'>prefate</span> <span class='ocrx_word' id='word_1_9' title='bbox 1166 845 1292 928; x_wconf 82' lang='lat' dir='ltr'>regins,</span> <span class='ocrx_word' id='word_1_10' title='bbox 1306 849 1345 907; x_wconf 81' lang='lat' dir='ltr'>ut</span> <span class='ocrx_word' id='word_1_11' title='bbox 1358 843 1398 908; x_wconf 88' lang='lat' dir='ltr'>de</span> <span class='ocrx_word' id='word_1_12' title='bbox 1413 845 1559 907; x_wconf 84' lang='lat' dir='ltr'>manerio</span> <span class='ocrx_word' id='word_1_13' title='bbox 1573 861 1633 905; x_wconf 90' lang='lat' dir='ltr'>suo</span> <span class='ocrx_word' id='word_1_14' title='bbox 1656 841 1813 925; x_wconf 85' lang='lat' dir='ltr'>predicto,</span> 
     </span>
     <span class='ocr_line' id='line_1_3' title="bbox 312 929 1814 1016; baseline 0.005 -33"><span class='ocrx_word' id='word_1_15' title='bbox 312 930 400 985; x_wconf 83' lang='lat' dir='ltr'>certa</span> <span class='ocrx_word' id='word_1_16' title='bbox 414 930 515 987; x_wconf 73' lang='lat' dir='ltr'>serras</span> <span class='ocrx_word' id='word_1_17' title='bbox 530 934 565 988; x_wconf 79' lang='lat' dir='ltr'>el</span> <span class='ocrx_word' id='word_1_18' title='bbox 579 934 778 1007; x_wconf 76' lang='lat' dir='ltr'>tenemento,</span> <span class='ocrx_word' id='word_1_19' title='bbox 793 936 831 992; x_wconf 86' lang='lat' dir='ltr'>ut</span> <span class='ocrx_word' id='word_1_20' title='bbox 846 930 888 993; x_wconf 91' lang='lat' dir='ltr'>de</span> <span class='ocrx_word' id='word_1_21' title='bbox 902 930 975 1016; x_wconf 84' lang='lat' dir='ltr'>jure</span> <span class='ocrx_word' id='word_1_22' title='bbox 989 932 1100 994; x_wconf 87' lang='lat' dir='ltr'>uxoris</span> <span class='ocrx_word' id='word_1_23' title='bbox 1115 951 1184 1010; x_wconf 89' lang='lat' dir='ltr'>sue,</span> <span class='ocrx_word' id='word_1_24' title='bbox 1201 932 1237 993; x_wconf 94' lang='lat' dir='ltr'>in</span> <span class='ocrx_word' id='word_1_25' title='bbox 1253 932 1469 1010; x_wconf 81' lang='lat' dir='ltr'>Bnonnnouu,</span> <span class='ocrx_word' id='word_1_26' title='bbox 1486 951 1548 1014; x_wconf 90' lang='lat' dir='ltr'>que</span> <span class='ocrx_word' id='word_1_27' title='bbox 1563 949 1667 1013; x_wconf 84' lang='lat' dir='ltr'>nuper</span> <span class='ocrx_word' id='word_1_28' title='bbox 1682 929 1814 992; x_wconf 80' lang='lat' dir='ltr'>luerunt</span> 
     </span>
     <span class='ocr_line' id='line_1_4' title="bbox 312 1009 1329 1102; baseline 0.014 -31"><span class='ocrx_word' id='word_1_29' title='bbox 312 1009 333 1071; x_wconf 90' lang='lat' dir='ltr'>J</span> <span class='ocrx_word' id='word_1_30' title='bbox 334 1009 472 1076; x_wconf 78' lang='lat' dir='ltr'>ohannis</span> <span class='ocrx_word' id='word_1_31' title='bbox 487 1011 644 1094; x_wconf 86' lang='lat' dir='ltr'>Bernsrd,</span> <span class='ocrx_word' id='word_1_32' title='bbox 660 1036 718 1098; x_wconf 90' lang='lat' dir='ltr'>per</span> <span class='ocrx_word' id='word_1_33' title='bbox 732 1017 906 1080; x_wconf 78' lang='lat' dir='ltr'><strong>servicium</strong></span> <span class='ocrx_word' id='word_1_34' title='bbox 922 1022 1038 1102; x_wconf 79' lang='lat' dir='ltr'>quarte</span> <span class='ocrx_word' id='word_1_35' title='bbox 1053 1019 1157 1101; x_wconf 79' lang='lat' dir='ltr'>perlis</span> <span class='ocrx_word' id='word_1_36' title='bbox 1172 1038 1228 1083; x_wconf 91' lang='lat' dir='ltr'>nn.</span> <span class='ocrx_word' id='word_1_37' title='bbox 1245 1017 1268 1083; x_wconf 85' lang='lat' dir='ltr'>f.</span> <span class='ocrx_word' id='word_1_38' title='bbox 1284 1041 1329 1084; x_wconf 87' lang='lat' dir='ltr'>m.</span> 
     </span>
    </p>
   </div>
   <div class='ocr_carea' id='block_1_3' title="bbox 311 1146 1813 1391">
    <p class='ocr_par' dir='ltr' id='par_1_3' title="bbox 311 1146 1813 1391">
     <span class='ocr_line' id='line_1_5' title="bbox 357 1146 1813 1238; baseline 0.005 -30"><span class='ocrx_word' id='word_1_39' title='bbox 357 1146 539 1211; x_wconf 85' lang='lat' dir='ltr'>Willelmus</span> <span class='ocrx_word' id='word_1_40' title='bbox 553 1149 769 1234; x_wconf 88' lang='lat' dir='ltr'>Wydecombe</span> <span class='ocrx_word' id='word_1_41' title='bbox 783 1157 879 1215; x_wconf 77' lang='lat' dir='ltr'>tenet</span> <span class='ocrx_word' id='word_1_42' title='bbox 893 1152 1085 1230; x_wconf 79' lang='lat' dir='ltr'>inmediete,</span> <span class='ocrx_word' id='word_1_43' title='bbox 1100 1154 1140 1217; x_wconf 93' lang='lat' dir='ltr'>de</span> <span class='ocrx_word' id='word_1_44' title='bbox 1155 1151 1276 1217; x_wconf 87' lang='lat' dir='ltr'>honore</span> <span class='ocrx_word' id='word_1_45' title='bbox 1292 1153 1332 1217; x_wconf 88' lang='lat' dir='ltr'>de</span> <span class='ocrx_word' id='word_1_46' title='bbox 1347 1153 1574 1238; x_wconf 80' lang='lat' dir='ltr'>Trovvbrygge,</span> <span class='ocrx_word' id='word_1_47' title='bbox 1598 1159 1687 1216; x_wconf 80' lang='lat' dir='ltr'>ceris</span> <span class='ocrx_word' id='word_1_48' title='bbox 1712 1157 1813 1216; x_wconf 79' lang='lat' dir='ltr'>terras</span> 
     </span>
     <span class='ocr_line' id='line_1_6' title="bbox 311 1237 1812 1391; baseline 0.004 -94"><span class='ocrx_word' id='word_1_49' title='bbox 311 1237 560 1388; x_wconf 48' lang='lat' dir='ltr'>ddrvtiecdd&#39;olmedda.</span> <span class='ocrx_word' id='word_1_50' title='bbox 574 1239 873 1391; x_wconf 68' lang='lat' dir='ltr'>finmlllsuuccrnus,</span> <span class='ocrx_word' id='word_1_51' title='bbox 900 1261 961 1325; x_wconf 91' lang='lat' dir='ltr'>que</span> <span class='ocrx_word' id='word_1_52' title='bbox 984 1260 1090 1324; x_wconf 87' lang='lat' dir='ltr'>nuper</span> <span class='ocrx_word' id='word_1_53' title='bbox 1116 1241 1250 1305; x_wconf 76' lang='lat' dir='ltr'>fuerunt</span> <span class='ocrx_word' id='word_1_54' title='bbox 1280 1241 1438 1305; x_wconf 90' lang='lat' dir='ltr'>Willclmi</span> <span class='ocrx_word' id='word_1_55' title='bbox 1468 1243 1508 1305; x_wconf 91' lang='lat' dir='ltr'>de</span> <span class='ocrx_word' id='word_1_56' title='bbox 1539 1239 1722 1327; x_wconf 85' lang='lat' dir='ltr'>Bynghem,</span> <span class='ocrx_word' id='word_1_57' title='bbox 1754 1261 1812 1325; x_wconf 89' lang='lat' dir='ltr'>per</span> 
     </span>
    </p>
   </div>
   <div class='ocr_carea' id='block_1_4' title="bbox 915 1511 1209 1581">
    <p class='ocr_par' dir='ltr' id='par_1_4' title="bbox 915 1511 1209 1581">
     <span class='ocr_line' id='line_1_7' title="bbox 915 1511 1209 1581; baseline -0.01 -3"><span class='ocrx_word' id='word_1_58' title='bbox 915 1511 1209 1581; x_wconf 76' lang='lat' dir='ltr'>THORNHULL.</span> 
     </span>
    </p>
   </div>
   <div class='ocr_carea' id='block_1_5' title="bbox 310 1649 1811 1890">
    <p class='ocr_par' dir='ltr' id='par_1_5' title="bbox 310 1649 1811 1890">
     <span class='ocr_line' id='line_1_8' title="bbox 355 1649 1811 1735; baseline 0 -22"><span class='ocrx_word' id='word_1_59' title='bbox 355 1649 468 1713; x_wconf 87' lang='lat' dir='ltr'>Comes</span> <span class='ocrx_word' id='word_1_60' title='bbox 489 1650 651 1714; x_wconf 81' lang='lat' dir='ltr'>Wsrrvvici</span> <span class='ocrx_word' id='word_1_61' title='bbox 678 1655 770 1714; x_wconf 76' lang='lat' dir='ltr'>leuet</span> <span class='ocrx_word' id='word_1_62' title='bbox 796 1650 987 1728; x_wconf 83' lang='lat' dir='ltr'>inmediste‚</span> <span class='ocrx_word' id='word_1_63' title='bbox 1010 1650 1049 1714; x_wconf 86' lang='lat' dir='ltr'>de</span> <span class='ocrx_word' id='word_1_64' title='bbox 1076 1649 1196 1713; x_wconf 90' lang='lat' dir='ltr'>honore</span> <span class='ocrx_word' id='word_1_65' title='bbox 1220 1651 1261 1714; x_wconf 91' lang='lat' dir='ltr'>de</span> <span class='ocrx_word' id='word_1_66' title='bbox 1286 1649 1513 1735; x_wconf 73' lang='lat' dir='ltr'>Walyngford,</span> <span class='ocrx_word' id='word_1_67' title='bbox 1534 1657 1623 1714; x_wconf 73' lang='lat' dir='ltr'>ceris</span> <span class='ocrx_word' id='word_1_68' title='bbox 1650 1653 1751 1714; x_wconf 79' lang='lat' dir='ltr'>terres</span> <span class='ocrx_word' id='word_1_69' title='bbox 1775 1657 1811 1713; x_wconf 81' lang='lat' dir='ltr'>et</span> 
     </span>
     <span class='ocr_line' id='line_1_9' title="bbox 310 1737 1809 1890; baseline -0.001 -89"><span class='ocrx_word' id='word_1_70' title='bbox 310 1743 498 1890; x_wconf 46' lang='lat' dir='ltr'>plepepnppts</span> <span class='ocrx_word' id='word_1_71' title='bbox 526 1739 561 1800; x_wconf 90' lang='lat' dir='ltr'>in</span> <span class='ocrx_word' id='word_1_72' title='bbox 592 1739 776 1817; x_wconf 77' lang='lat' dir='ltr'>Dunvconu,</span> <span class='ocrx_word' id='word_1_73' title='bbox 807 1760 869 1822; x_wconf 88' lang='lat' dir='ltr'>que</span> <span class='ocrx_word' id='word_1_74' title='bbox 902 1759 1008 1823; x_wconf 80' lang='lat' dir='ltr'>nuper</span> <span class='ocrx_word' id='word_1_75' title='bbox 1036 1739 1171 1802; x_wconf 85' lang='lat' dir='ltr'>fuerunt</span> <span class='ocrx_word' id='word_1_76' title='bbox 1200 1739 1326 1806; x_wconf 82' lang='lat' dir='ltr'>Wnrini</span> <span class='ocrx_word' id='word_1_77' title='bbox 1355 1739 1395 1801; x_wconf 88' lang='lat' dir='ltr'>de</span> <span class='ocrx_word' id='word_1_78' title='bbox 1424 1737 1516 1822; x_wconf 85' lang='lat' dir='ltr'>Lyle,</span> <span class='ocrx_word' id='word_1_79' title='bbox 1545 1758 1603 1821; x_wconf 90' lang='lat' dir='ltr'>per</span> <span class='ocrx_word' id='word_1_80' title='bbox 1638 1738 1809 1801; x_wconf 77' lang='lat' dir='ltr'>servicium</span> 
     </span>
    </p>
   </div>
   <div class='ocr_carea' id='block_1_6' title="bbox 310 1962 1851 2203">
    <p class='ocr_par' dir='ltr' id='par_1_6' title="bbox 310 1962 1851 2203">
     <span class='ocr_line' id='line_1_10' title="bbox 353 1962 1811 2043; baseline -0.001 -15"><span class='ocrx_word' id='word_1_81' title='bbox 353 1962 549 2040; x_wconf 90' lang='lat' dir='ltr'>Willelmns,</span> <span class='ocrx_word' id='word_1_82' title='bbox 574 1964 724 2027; x_wconf 88' lang='lat' dir='ltr'>dominus</span> <span class='ocrx_word' id='word_1_83' title='bbox 750 1963 791 2026; x_wconf 90' lang='lat' dir='ltr'>de</span> <span class='ocrx_word' id='word_1_84' title='bbox 815 1964 938 2043; x_wconf 87' lang='lat' dir='ltr'>Lovell,</span> <span class='ocrx_word' id='word_1_85' title='bbox 964 1968 1056 2027; x_wconf 79' lang='lat' dir='ltr'>tenet</span> <span class='ocrx_word' id='word_1_86' title='bbox 1081 1963 1260 2027; x_wconf 77' lang='lat' dir='ltr'>inmedinle</span> <span class='ocrx_word' id='word_1_87' title='bbox 1286 1962 1328 2027; x_wconf 92' lang='lat' dir='ltr'>de</span> <span class='ocrx_word' id='word_1_88' title='bbox 1352 1962 1474 2027; x_wconf 79' lang='lat' dir='ltr'>ducatu</span> <span class='ocrx_word' id='word_1_89' title='bbox 1496 1963 1697 2042; x_wconf 80' lang='lat' dir='ltr'>Lancsstrie,</span> <span class='ocrx_word' id='word_1_90' title='bbox 1723 1969 1811 2027; x_wconf 67' lang='lat' dir='ltr'>ceria</span> 
     </span>
     <span class='ocr_line' id='line_1_11' title="bbox 310 2049 1851 2203; baseline -0.001 -89"><span class='ocrx_word' id='word_1_91' title='bbox 310 2056 482 2203; x_wconf 48' lang='lat' dir='ltr'>{232in</span> <span class='ocrx_word' id='word_1_92' title='bbox 496 2056 684 2203; x_wconf 48' lang='grc' dir='ltr'>ἱεὲιθξηεέῖι</span> <span class='ocrx_word' id='word_1_93' title='bbox 708 2053 742 2114; x_wconf 89' lang='lat' dir='ltr'>in</span> <span class='ocrx_word' id='word_1_94' title='bbox 769 2052 980 2128; x_wconf 79' lang='lat' dir='ltr'>Wsnsuucn,</span> <span class='ocrx_word' id='word_1_95' title='bbox 1004 2071 1068 2134; x_wconf 91' lang='lat' dir='ltr'>que</span> <span class='ocrx_word' id='word_1_96' title='bbox 1095 2070 1196 2134; x_wconf 81' lang='lat' dir='ltr'>nuper</span> <span class='ocrx_word' id='word_1_97' title='bbox 1217 2049 1351 2115; x_wconf 84' lang='lat' dir='ltr'>fuerunt</span> <span class='ocrx_word' id='word_1_98' title='bbox 1374 2050 1499 2114; x_wconf 83' lang='lat' dir='ltr'>Thome</span> <span class='ocrx_word' id='word_1_99' title='bbox 1514 2051 1554 2114; x_wconf 90' lang='lat' dir='ltr'>de</span> <span class='ocrx_word' id='word_1_100' title='bbox 1570 2050 1739 2130; x_wconf 82' lang='lat' dir='ltr'>Howlond,</span> <span class='ocrx_word' id='word_1_101' title='bbox 1754 2071 1811 2134; x_wconf 87' lang='lat' dir='ltr'>per</span> <span class='ocrx_word' id='word_1_102' title='bbox 1848 2169 1851 2176; x_wconf 33' lang='grc' dir='ltr'>Ι</span> 
     </span>
    </p>
   </div>
   <div class='ocr_carea' id='block_1_7' title="bbox 308 2276 1811 2536">
    <p class='ocr_par' dir='ltr' id='par_1_7' title="bbox 308 2276 1811 2536">
     <span class='ocr_line' id='line_1_12' title="bbox 354 2276 1810 2362; baseline 0.001 -23"><span class='ocrx_word' id='word_1_103' title='bbox 354 2277 447 2340; x_wconf 86' lang='lat' dir='ltr'>Idem</span> <span class='ocrx_word' id='word_1_104' title='bbox 461 2277 613 2340; x_wconf 90' lang='lat' dir='ltr'>dominus</span> <span class='ocrx_word' id='word_1_105' title='bbox 627 2277 667 2338; x_wconf 91' lang='lat' dir='ltr'>de</span> <span class='ocrx_word' id='word_1_106' title='bbox 682 2276 793 2339; x_wconf 83' lang='lat' dir='ltr'>Lovell</span> <span class='ocrx_word' id='word_1_107' title='bbox 807 2282 902 2340; x_wconf 77' lang='lat' dir='ltr'>tenet</span> <span class='ocrx_word' id='word_1_108' title='bbox 916 2276 1108 2354; x_wconf 84' lang='lat' dir='ltr'>inmediute,</span> <span class='ocrx_word' id='word_1_109' title='bbox 1123 2277 1164 2340; x_wconf 88' lang='lat' dir='ltr'>de</span> <span class='ocrx_word' id='word_1_110' title='bbox 1181 2296 1245 2362; x_wconf 92' lang='lat' dir='ltr'>quo</span> <span class='ocrx_word' id='word_1_111' title='bbox 1260 2277 1312 2339; x_wconf 89' lang='lat' dir='ltr'>vel</span> <span class='ocrx_word' id='word_1_112' title='bbox 1335 2277 1375 2341; x_wconf 86' lang='lat' dir='ltr'>de</span> <span class='ocrx_word' id='word_1_113' title='bbox 1396 2276 1515 2361; x_wconf 89' lang='lat' dir='ltr'>quibus</span> <span class='ocrx_word' id='word_1_114' title='bbox 1537 2278 1700 2362; x_wconf 80' lang='lat' dir='ltr'>ignorant,</span> <span class='ocrx_word' id='word_1_115' title='bbox 1722 2283 1810 2342; x_wconf 79' lang='lat' dir='ltr'>cerlo</span> 
     </span>
     <span class='ocr_line' id='line_1_13' title="bbox 310 2364 1811 2450; baseline 0.001 -22"><span class='ocrx_word' id='word_1_116' title='bbox 310 2372 409 2428; x_wconf 78' lang='lat' dir='ltr'>terras</span> <span class='ocrx_word' id='word_1_117' title='bbox 423 2371 458 2428; x_wconf 77' lang='lat' dir='ltr'>et</span> <span class='ocrx_word' id='word_1_118' title='bbox 472 2371 661 2428; x_wconf 75' lang='lat' dir='ltr'>tenemento</span> <span class='ocrx_word' id='word_1_119' title='bbox 675 2366 710 2426; x_wconf 92' lang='lat' dir='ltr'>in</span> <span class='ocrx_word' id='word_1_120' title='bbox 726 2365 960 2443; x_wconf 78' lang='lat' dir='ltr'>Huunnsoors,</span> <span class='ocrx_word' id='word_1_121' title='bbox 976 2385 1040 2448; x_wconf 90' lang='lat' dir='ltr'>que</span> <span class='ocrx_word' id='word_1_122' title='bbox 1066 2385 1170 2448; x_wconf 88' lang='lat' dir='ltr'>nuper</span> <span class='ocrx_word' id='word_1_123' title='bbox 1195 2364 1328 2428; x_wconf 73' lang='lat' dir='ltr'>fuerunt</span> <span class='ocrx_word' id='word_1_124' title='bbox 1350 2365 1509 2430; x_wconf 91' lang='lat' dir='ltr'>Willelmi</span> <span class='ocrx_word' id='word_1_125' title='bbox 1534 2373 1603 2428; x_wconf 77' lang='lat' dir='ltr'>aste</span> <span class='ocrx_word' id='word_1_126' title='bbox 1617 2365 1738 2442; x_wconf 87' lang='lat' dir='ltr'>Welde,</span> <span class='ocrx_word' id='word_1_127' title='bbox 1753 2387 1811 2450; x_wconf 90' lang='lat' dir='ltr'>per</span> 
     </span>
     <span class='ocr_line' id='line_1_14' title="bbox 308 2452 904 2536; baseline 0.003 -22"><span class='ocrx_word' id='word_1_128' title='bbox 308 2452 480 2515; x_wconf 81' lang='lat' dir='ltr'>servicium</span> <span class='ocrx_word' id='word_1_129' title='bbox 496 2459 612 2536; x_wconf 76' lang='lat' dir='ltr'>qunrle</span> <span class='ocrx_word' id='word_1_130' title='bbox 627 2452 730 2534; x_wconf 81' lang='lat' dir='ltr'>pertis</span> <span class='ocrx_word' id='word_1_131' title='bbox 746 2473 801 2517; x_wconf 91' lang='lat' dir='ltr'>un.</span> <span class='ocrx_word' id='word_1_132' title='bbox 818 2454 841 2516; x_wconf 81' lang='lat' dir='ltr'>f.</span> <span class='ocrx_word' id='word_1_133' title='bbox 858 2473 904 2518; x_wconf 89' lang='lat' dir='ltr'>m.</span> 
     </span>
    </p>
   </div>
   <div class='ocr_carea' id='block_1_8' title="bbox 307 2586 1810 2847">
    <p class='ocr_par' dir='ltr' id='par_1_8' title="bbox 307 2586 1810 2847">
     <span class='ocr_line' id='line_1_15' title="bbox 351 2586 1810 2673; baseline 0.001 -21"><span class='ocrx_word' id='word_1_134' title='bbox 351 2590 372 2652; x_wconf 90' lang='lat' dir='ltr'>J</span> <span class='ocrx_word' id='word_1_135' title='bbox 374 2586 518 2652; x_wconf 79' lang='lat' dir='ltr'>ohannes</span> <span class='ocrx_word' id='word_1_136' title='bbox 532 2590 628 2673; x_wconf 85' lang='lat' dir='ltr'>Hyde</span> <span class='ocrx_word' id='word_1_137' title='bbox 642 2595 732 2652; x_wconf 81' lang='lat' dir='ltr'>tenet</span> <span class='ocrx_word' id='word_1_138' title='bbox 747 2590 928 2654; x_wconf 86' lang='lat' dir='ltr'>inmediste</span> <span class='ocrx_word' id='word_1_139' title='bbox 943 2591 984 2653; x_wconf 94' lang='lat' dir='ltr'>de</span> <span class='ocrx_word' id='word_1_140' title='bbox 999 2590 1122 2653; x_wconf 85' lang='lat' dir='ltr'>ducslu</span> <span class='ocrx_word' id='word_1_141' title='bbox 1137 2590 1326 2654; x_wconf 79' lang='lat' dir='ltr'>Lancestrie</span> <span class='ocrx_word' id='word_1_142' title='bbox 1341 2598 1428 2653; x_wconf 78' lang='lat' dir='ltr'>certe</span> <span class='ocrx_word' id='word_1_143' title='bbox 1442 2594 1541 2652; x_wconf 78' lang='lat' dir='ltr'>terras</span> <span class='ocrx_word' id='word_1_144' title='bbox 1564 2595 1598 2653; x_wconf 76' lang='lat' dir='ltr'>et</span> <span class='ocrx_word' id='word_1_145' title='bbox 1623 2596 1810 2654; x_wconf 77' lang='lat' dir='ltr'>tenemento</span> 
     </span>
     <span class='ocr_line' id='line_1_16' title="bbox 307 2676 1807 2761; baseline 0.002 -22"><span class='ocrx_word' id='word_1_146' title='bbox 307 2679 343 2740; x_wconf 92' lang='lat' dir='ltr'>in</span> <span class='ocrx_word' id='word_1_147' title='bbox 366 2677 577 2755; x_wconf 78' lang='lat' dir='ltr'>Wsunuuen,</span> <span class='ocrx_word' id='word_1_148' title='bbox 601 2697 665 2760; x_wconf 87' lang='lat' dir='ltr'>que</span> <span class='ocrx_word' id='word_1_149' title='bbox 691 2697 794 2761; x_wconf 91' lang='lat' dir='ltr'>nuper</span> <span class='ocrx_word' id='word_1_150' title='bbox 820 2677 955 2741; x_wconf 73' lang='lat' dir='ltr'>fuerunt</span> <span class='ocrx_word' id='word_1_151' title='bbox 986 2676 1142 2741; x_wconf 84' lang='lat' dir='ltr'>Almsrici</span> <span class='ocrx_word' id='word_1_152' title='bbox 1165 2677 1206 2740; x_wconf 95' lang='lat' dir='ltr'>de</span> <span class='ocrx_word' id='word_1_153' title='bbox 1230 2677 1349 2742; x_wconf 79' lang='lat' dir='ltr'>Sancto</span> <span class='ocrx_word' id='word_1_154' title='bbox 1375 2677 1535 2754; x_wconf 75' lang='lat' dir='ltr'>Amantio,</span> <span class='ocrx_word' id='word_1_155' title='bbox 1560 2697 1618 2761; x_wconf 89' lang='lat' dir='ltr'>per</span> <span class='ocrx_word' id='word_1_156' title='bbox 1638 2679 1807 2742; x_wconf 82' lang='lat' dir='ltr'>servicium</span> 
     </span>
     <span class='ocr_line' id='line_1_17' title="bbox 308 2764 709 2847; baseline 0.007 -21"><span class='ocrx_word' id='word_1_157' title='bbox 308 2770 421 2847; x_wconf 75' lang='lat' dir='ltr'>quarte</span> <span class='ocrx_word' id='word_1_158' title='bbox 436 2767 539 2847; x_wconf 81' lang='lat' dir='ltr'>partis</span> <span class='ocrx_word' id='word_1_159' title='bbox 554 2784 608 2827; x_wconf 90' lang='lat' dir='ltr'>un.</span> <span class='ocrx_word' id='word_1_160' title='bbox 625 2764 648 2826; x_wconf 86' lang='lat' dir='ltr'>f.</span> <span class='ocrx_word' id='word_1_161' title='bbox 664 2785 709 2829; x_wconf 87' lang='lat' dir='ltr'>m.</span> 
     </span>
    </p>
   </div>
   <div class='ocr_carea' id='block_1_9' title="bbox 306 2896 1810 3137">
    <p class='ocr_par' dir='ltr' id='par_1_9' title="bbox 306 2896 1810 3137">
     <span class='ocr_line' id='line_1_18' title="bbox 351 2896 1810 2965; baseline -0.001 -2"><span class='ocrx_word' id='word_1_162' title='bbox 351 2897 533 2963; x_wconf 89' lang='lat' dir='ltr'>Willelmus</span> <span class='ocrx_word' id='word_1_163' title='bbox 562 2899 733 2965; x_wconf 85' lang='lat' dir='ltr'>Wereman</span> <span class='ocrx_word' id='word_1_164' title='bbox 763 2904 858 2964; x_wconf 78' lang='lat' dir='ltr'>tenet</span> <span class='ocrx_word' id='word_1_165' title='bbox 895 2900 1073 2964; x_wconf 80' lang='lat' dir='ltr'>inmedisle</span> <span class='ocrx_word' id='word_1_166' title='bbox 1111 2901 1152 2964; x_wconf 93' lang='lat' dir='ltr'>de</span> <span class='ocrx_word' id='word_1_167' title='bbox 1180 2897 1296 2963; x_wconf 77' lang='lat' dir='ltr'>abbate</span> <span class='ocrx_word' id='word_1_168' title='bbox 1328 2896 1496 2964; x_wconf 81' lang='lat' dir='ltr'>Gleslonie</span> <span class='ocrx_word' id='word_1_169' title='bbox 1525 2901 1614 2960; x_wconf 80' lang='lat' dir='ltr'>certo</span> <span class='ocrx_word' id='word_1_170' title='bbox 1642 2906 1744 2962; x_wconf 82' lang='lat' dir='ltr'>terres</span> <span class='ocrx_word' id='word_1_171' title='bbox 1775 2903 1810 2962; x_wconf 80' lang='lat' dir='ltr'>et</span> 
     </span>
     <span class='ocr_line' id='line_1_19' title="bbox 306 2984 1809 3137; baseline 0.001 -91"><span class='ocrx_word' id='word_1_172' title='bbox 306 2989 492 3137; x_wconf 49' lang='lat' dir='ltr'>gpnpmppls</span> <span class='ocrx_word' id='word_1_173' title='bbox 521 2987 556 3048; x_wconf 92' lang='lat' dir='ltr'>in</span> <span class='ocrx_word' id='word_1_174' title='bbox 586 2987 778 3066; x_wconf 71' lang='lat' dir='ltr'>Bnunuuuv,</span> <span class='ocrx_word' id='word_1_175' title='bbox 807 3007 872 3070; x_wconf 90' lang='lat' dir='ltr'>que</span> <span class='ocrx_word' id='word_1_176' title='bbox 901 3008 1006 3070; x_wconf 87' lang='lat' dir='ltr'>nuper</span> <span class='ocrx_word' id='word_1_177' title='bbox 1035 2988 1169 3051; x_wconf 86' lang='lat' dir='ltr'>suerunt</span> <span class='ocrx_word' id='word_1_178' title='bbox 1207 2984 1345 3050; x_wconf 83' lang='lat' dir='ltr'>Gnlfridi</span> <span class='ocrx_word' id='word_1_179' title='bbox 1385 2985 1513 3067; x_wconf 86' lang='lat' dir='ltr'>Folyot,</span> <span class='ocrx_word' id='word_1_180' title='bbox 1541 3005 1599 3068; x_wconf 87' lang='lat' dir='ltr'>por</span> <span class='ocrx_word' id='word_1_181' title='bbox 1635 2986 1809 3049; x_wconf 89' lang='lat' dir='ltr'>servicium</span> 
     </span>
    </p>
   </div>
   <div class='ocr_carea' id='block_1_10' title="bbox 305 3208 1875 3384">
    <p class='ocr_par' dir='ltr' id='par_1_10' title="bbox 305 3208 1875 3384">
     <span class='ocr_line' id='line_1_20' title="bbox 350 3208 1875 3290; baseline 0.001 -18"><span class='ocrx_word' id='word_1_182' title='bbox 350 3209 508 3273; x_wconf 84' lang='lat' dir='ltr'>Robertus</span> <span class='ocrx_word' id='word_1_183' title='bbox 523 3208 752 3288; x_wconf 86' lang='lat' dir='ltr'>Shotesbroolr‚</span> <span class='ocrx_word' id='word_1_184' title='bbox 766 3210 920 3290; x_wconf 84' lang='lat' dir='ltr'>chivaler,</span> <span class='ocrx_word' id='word_1_185' title='bbox 936 3218 1030 3277; x_wconf 79' lang='lat' dir='ltr'>tenet</span> <span class='ocrx_word' id='word_1_186' title='bbox 1045 3212 1226 3276; x_wconf 83' lang='lat' dir='ltr'>inmediste</span> <span class='ocrx_word' id='word_1_187' title='bbox 1239 3211 1280 3274; x_wconf 89' lang='lat' dir='ltr'>de</span> <span class='ocrx_word' id='word_1_188' title='bbox 1296 3209 1410 3274; x_wconf 88' lang='lat' dir='ltr'>eodem</span> <span class='ocrx_word' id='word_1_189' title='bbox 1425 3208 1541 3272; x_wconf 84' lang='lat' dir='ltr'>sbbnle</span> <span class='ocrx_word' id='word_1_190' title='bbox 1556 3215 1645 3273; x_wconf 77' lang='lat' dir='ltr'>ceris</span> <span class='ocrx_word' id='word_1_191' title='bbox 1661 3217 1762 3274; x_wconf 78' lang='lat' dir='ltr'>terras</span> <span class='ocrx_word' id='word_1_192' title='bbox 1776 3217 1810 3274; x_wconf 89' lang='lat' dir='ltr'>et</span> <span class='ocrx_word' id='word_1_193' title='bbox 1869 3253 1875 3264; x_wconf 88' lang='lat'>·</span> 
     </span>
     <span class='ocr_line' id='line_1_21' title="bbox 305 3295 1720 3384; baseline 0.001 -23"><span class='ocrx_word' id='word_1_194' title='bbox 305 3304 497 3361; x_wconf 72' lang='lat' dir='ltr'>tenemento</span> <span class='ocrx_word' id='word_1_195' title='bbox 510 3296 643 3377; x_wconf 87' lang='lat' dir='ltr'>ibidem,</span> <span class='ocrx_word' id='word_1_196' title='bbox 658 3305 771 3362; x_wconf 77' lang='lat' dir='ltr'>vocata</span> <span class='ocrx_word' id='word_1_197' title='bbox 788 3300 1040 3380; x_wconf 68' lang='lat' dir='ltr'>Snunrvosowss</span> <span class='ocrx_word' id='word_1_198' title='bbox 1057 3321 1114 3384; x_wconf 93' lang='lat' dir='ltr'>per</span> <span class='ocrx_word' id='word_1_199' title='bbox 1130 3301 1302 3364; x_wconf 90' lang='lat' dir='ltr'>servicium</span> <span class='ocrx_word' id='word_1_200' title='bbox 1316 3302 1429 3382; x_wconf 76' lang='lat' dir='ltr'>qusrte</span> <span class='ocrx_word' id='word_1_201' title='bbox 1444 3299 1546 3381; x_wconf 81' lang='lat' dir='ltr'>perlis</span> <span class='ocrx_word' id='word_1_202' title='bbox 1561 3317 1617 3362; x_wconf 90' lang='lat' dir='ltr'>un.</span> <span class='ocrx_word' id='word_1_203' title='bbox 1634 3295 1658 3362; x_wconf 80' lang='lat' dir='ltr'>f.</span> <span class='ocrx_word' id='word_1_204' title='bbox 1675 3319 1720 3362; x_wconf 89' lang='lat' dir='ltr'>m.</span> 
     </span>
    </p>
   </div>
   <div class='ocr_carea' id='block_1_11' title="bbox 306 3434 1811 3695">
    <p class='ocr_par' dir='ltr' id='par_1_11' title="bbox 306 3434 1811 3695">
     <span class='ocr_line' id='line_1_22' title="bbox 349 3434 1810 3522; baseline 0 -24"><span class='ocrx_word' id='word_1_205' title='bbox 349 3435 514 3499; x_wconf 87' lang='lat' dir='ltr'>Johsnnes</span> <span class='ocrx_word' id='word_1_206' title='bbox 537 3434 718 3522; x_wconf 78' lang='lat' dir='ltr'>Wroghlou</span> <span class='ocrx_word' id='word_1_207' title='bbox 744 3443 836 3502; x_wconf 72' lang='lat' dir='ltr'>tenet</span> <span class='ocrx_word' id='word_1_208' title='bbox 858 3439 1049 3516; x_wconf 67' lang='lat' dir='ltr'>ismeniam,</span> <span class='ocrx_word' id='word_1_209' title='bbox 1074 3439 1114 3502; x_wconf 90' lang='lat' dir='ltr'>de</span> <span class='ocrx_word' id='word_1_210' title='bbox 1141 3459 1216 3522; x_wconf 90' lang='lat' dir='ltr'>qno,</span> <span class='ocrx_word' id='word_1_211' title='bbox 1240 3437 1291 3500; x_wconf 92' lang='lat' dir='ltr'>vel</span> <span class='ocrx_word' id='word_1_212' title='bbox 1318 3436 1358 3500; x_wconf 89' lang='lat' dir='ltr'>de</span> <span class='ocrx_word' id='word_1_213' title='bbox 1383 3435 1512 3519; x_wconf 89' lang='lat' dir='ltr'>quibus,</span> <span class='ocrx_word' id='word_1_214' title='bbox 1536 3436 1699 3518; x_wconf 80' lang='lat' dir='ltr'>ignorant,</span> <span class='ocrx_word' id='word_1_215' title='bbox 1723 3441 1810 3498; x_wconf 79' lang='lat' dir='ltr'>cerlo</span> 
     </span>
     <span class='ocr_line' id='line_1_23' title="bbox 306 3521 1811 3612; baseline 0 -27"><span class='ocrx_word' id='word_1_216' title='bbox 306 3528 407 3587; x_wconf 76' lang='lat' dir='ltr'>terras</span> <span class='ocrx_word' id='word_1_217' title='bbox 421 3529 457 3586; x_wconf 82' lang='lat' dir='ltr'>et</span> <span class='ocrx_word' id='word_1_218' title='bbox 471 3534 659 3586; x_wconf 75' lang='lat' dir='ltr'>tenemento</span> <span class='ocrx_word' id='word_1_219' title='bbox 677 3524 734 3603; x_wconf 89' lang='lat' dir='ltr'>(in)</span> <span class='ocrx_word' id='word_1_220' title='bbox 753 3525 967 3604; x_wconf 78' lang='lat' dir='ltr'>Cussnnonu,</span> <span class='ocrx_word' id='word_1_221' title='bbox 984 3547 1047 3612; x_wconf 91' lang='lat' dir='ltr'>que</span> <span class='ocrx_word' id='word_1_222' title='bbox 1064 3547 1169 3610; x_wconf 91' lang='lat' dir='ltr'>nuper</span> <span class='ocrx_word' id='word_1_223' title='bbox 1185 3527 1321 3590; x_wconf 83' lang='lat' dir='ltr'>fuerunt</span> <span class='ocrx_word' id='word_1_224' title='bbox 1337 3521 1459 3586; x_wconf 91' lang='lat' dir='ltr'>Oliveri</span> <span class='ocrx_word' id='word_1_225' title='bbox 1474 3524 1513 3587; x_wconf 90' lang='lat' dir='ltr'>de</span> <span class='ocrx_word' id='word_1_226' title='bbox 1530 3522 1746 3600; x_wconf 83' lang='lat' dir='ltr'>Herdescote,</span> <span class='ocrx_word' id='word_1_227' title='bbox 1755 3543 1811 3606; x_wconf 90' lang='lat' dir='ltr'>per</span> 
     </span>
     <span class='ocr_line' id='line_1_24' title="bbox 306 3612 892 3695; baseline 0.009 -21"><span class='ocrx_word' id='word_1_228' title='bbox 306 3612 477 3675; x_wconf 90' lang='lat' dir='ltr'>servicium</span> <span class='ocrx_word' id='word_1_229' title='bbox 492 3616 605 3694; x_wconf 79' lang='lat' dir='ltr'>quarte</span> <span class='ocrx_word' id='word_1_230' title='bbox 619 3612 721 3695; x_wconf 77' lang='lat' dir='ltr'>pertis</span> <span class='ocrx_word' id='word_1_231' title='bbox 736 3633 791 3677; x_wconf 86' lang='lat' dir='ltr'>un.</span> <span class='ocrx_word' id='word_1_232' title='bbox 808 3612 831 3676; x_wconf 83' lang='lat' dir='ltr'>f.</span> <span class='ocrx_word' id='word_1_233' title='bbox 847 3635 892 3679; x_wconf 86' lang='lat' dir='ltr'>m.</span> 
     </span>
    </p>
   </div>
   <div class='ocr_carea' id='block_1_12' title="bbox 306 3746 1809 4006">
    <p class='ocr_par' dir='ltr' id='par_1_12' title="bbox 306 3746 1809 4006">
     <span class='ocr_line' id='line_1_25' title="bbox 350 3746 1809 3835; baseline -0.001 -24"><span class='ocrx_word' id='word_1_234' title='bbox 350 3749 521 3812; x_wconf 80' lang='lat' dir='ltr'>Abbatisss</span> <span class='ocrx_word' id='word_1_235' title='bbox 547 3746 717 3812; x_wconf 85' lang='lat' dir='ltr'>Shsftonie</span> <span class='ocrx_word' id='word_1_236' title='bbox 739 3755 831 3813; x_wconf 82' lang='lat' dir='ltr'>tenet</span> <span class='ocrx_word' id='word_1_237' title='bbox 857 3752 1049 3830; x_wconf 79' lang='lat' dir='ltr'>inmedisie‚</span> <span class='ocrx_word' id='word_1_238' title='bbox 1076 3751 1119 3814; x_wconf 90' lang='lat' dir='ltr'>de</span> <span class='ocrx_word' id='word_1_239' title='bbox 1146 3771 1211 3835; x_wconf 90' lang='lat' dir='ltr'>quo</span> <span class='ocrx_word' id='word_1_240' title='bbox 1238 3749 1289 3813; x_wconf 90' lang='lat' dir='ltr'>vel</span> <span class='ocrx_word' id='word_1_241' title='bbox 1315 3748 1355 3812; x_wconf 86' lang='lat' dir='ltr'>de</span> <span class='ocrx_word' id='word_1_242' title='bbox 1382 3747 1499 3833; x_wconf 91' lang='lat' dir='ltr'>quibus</span> <span class='ocrx_word' id='word_1_243' title='bbox 1527 3748 1693 3832; x_wconf 81' lang='lat' dir='ltr'>ignorent,</span> <span class='ocrx_word' id='word_1_244' title='bbox 1722 3753 1809 3810; x_wconf 81' lang='lat' dir='ltr'>certa</span> 
     </span>
     <span class='ocr_line' id='line_1_26' title="bbox 306 3834 1808 3922; baseline -0.001 -23"><span class='ocrx_word' id='word_1_245' title='bbox 306 3842 408 3899; x_wconf 79' lang='lat' dir='ltr'>terras</span> <span class='ocrx_word' id='word_1_246' title='bbox 433 3845 467 3900; x_wconf 78' lang='lat' dir='ltr'>et</span> <span class='ocrx_word' id='word_1_247' title='bbox 496 3842 686 3899; x_wconf 76' lang='lat' dir='ltr'>tenemento</span> <span class='ocrx_word' id='word_1_248' title='bbox 710 3839 746 3900; x_wconf 89' lang='lat' dir='ltr'>in</span> <span class='ocrx_word' id='word_1_249' title='bbox 776 3838 982 3904; x_wconf 81' lang='lat' dir='ltr'>Lnnvuosou</span> <span class='ocrx_word' id='word_1_250' title='bbox 1008 3840 1045 3901; x_wconf 89' lang='lat' dir='ltr'>in</span> <span class='ocrx_word' id='word_1_251' title='bbox 1075 3859 1190 3922; x_wconf 84' lang='lat' dir='ltr'>puram</span> <span class='ocrx_word' id='word_1_252' title='bbox 1220 3835 1446 3912; x_wconf 78' lang='lat' dir='ltr'>elemosinam,</span> <span class='ocrx_word' id='word_1_253' title='bbox 1476 3855 1533 3918; x_wconf 91' lang='lat' dir='ltr'>pro</span> <span class='ocrx_word' id='word_1_254' title='bbox 1562 3834 1681 3918; x_wconf 89' lang='lat' dir='ltr'>quibus</span> <span class='ocrx_word' id='word_1_255' title='bbox 1712 3835 1808 3898; x_wconf 82' lang='lat' dir='ltr'>solvit</span> 
     </span>
     <span class='ocr_line' id='line_1_27' title="bbox 306 3923 905 4006; baseline 0.003 -19"><span class='ocrx_word' id='word_1_256' title='bbox 306 3924 460 4001; x_wconf 81' lang='lat' dir='ltr'>decimes,</span> <span class='ocrx_word' id='word_1_257' title='bbox 475 3923 603 4006; x_wconf 83' lang='lat' dir='ltr'>quando</span> <span class='ocrx_word' id='word_1_258' title='bbox 619 3923 744 3987; x_wconf 88' lang='lat' dir='ltr'>decime</span> <span class='ocrx_word' id='word_1_259' title='bbox 760 3931 905 3991; x_wconf 79' lang='lat' dir='ltr'>currunt.</span> 
     </span>
    </p>
   </div>
   <div class='ocr_carea' id='block_1_13' title="bbox 306 4058 1809 4301">
    <p class='ocr_par' dir='ltr' id='par_1_13' title="bbox 306 4058 1809 4301">
     <span class='ocr_line' id='line_1_28' title="bbox 348 4058 1809 4146; baseline 0.001 -25"><span class='ocrx_word' id='word_1_260' title='bbox 348 4061 454 4124; x_wconf 76' lang='lat' dir='ltr'>Abbas</span> <span class='ocrx_word' id='word_1_261' title='bbox 468 4059 511 4124; x_wconf 88' lang='lat' dir='ltr'>de</span> <span class='ocrx_word' id='word_1_262' title='bbox 527 4060 616 4124; x_wconf 83' lang='lat' dir='ltr'>Hids</span> <span class='ocrx_word' id='word_1_263' title='bbox 637 4066 730 4124; x_wconf 83' lang='lat' dir='ltr'>tenet</span> <span class='ocrx_word' id='word_1_264' title='bbox 751 4063 940 4140; x_wconf 82' lang='lat' dir='ltr'>inmedinte,</span> <span class='ocrx_word' id='word_1_265' title='bbox 966 4062 1008 4126; x_wconf 84' lang='lat' dir='ltr'>de</span> <span class='ocrx_word' id='word_1_266' title='bbox 1030 4083 1094 4146; x_wconf 93' lang='lat' dir='ltr'>quo</span> <span class='ocrx_word' id='word_1_267' title='bbox 1109 4063 1159 4128; x_wconf 92' lang='lat' dir='ltr'>vel</span> <span class='ocrx_word' id='word_1_268' title='bbox 1184 4063 1224 4126; x_wconf 87' lang='lat' dir='ltr'>de</span> <span class='ocrx_word' id='word_1_269' title='bbox 1247 4061 1366 4145; x_wconf 90' lang='lat' dir='ltr'>quibus</span> <span class='ocrx_word' id='word_1_270' title='bbox 1379 4061 1545 4144; x_wconf 82' lang='lat' dir='ltr'>ignorent,</span> <span class='ocrx_word' id='word_1_271' title='bbox 1561 4059 1741 4123; x_wconf 79' lang='lat' dir='ltr'>manerium</span> <span class='ocrx_word' id='word_1_272' title='bbox 1769 4058 1809 4123; x_wconf 92' lang='lat' dir='ltr'>de</span> 
     </span>
     <span class='ocr_line' id='line_1_29' title="bbox 306 4147 1809 4301; baseline -0.003 -86"><span class='ocrx_word' id='word_1_273' title='bbox 306 4150 507 4301; x_wconf 50' lang='lat' dir='ltr'>Sprpzplpnsu</span> <span class='ocrx_word' id='word_1_274' title='bbox 537 4149 572 4210; x_wconf 92' lang='lat' dir='ltr'>in</span> <span class='ocrx_word' id='word_1_275' title='bbox 609 4169 721 4232; x_wconf 84' lang='lat' dir='ltr'>puram</span> <span class='ocrx_word' id='word_1_276' title='bbox 758 4149 981 4228; x_wconf 81' lang='lat' dir='ltr'>elemosinam,</span> <span class='ocrx_word' id='word_1_277' title='bbox 1009 4171 1067 4234; x_wconf 92' lang='lat' dir='ltr'>pro</span> <span class='ocrx_word' id='word_1_278' title='bbox 1096 4171 1160 4234; x_wconf 91' lang='lat' dir='ltr'>quo</span> <span class='ocrx_word' id='word_1_279' title='bbox 1197 4149 1295 4214; x_wconf 87' lang='lat' dir='ltr'>solvit</span> <span class='ocrx_word' id='word_1_280' title='bbox 1330 4149 1482 4226; x_wconf 80' lang='lat' dir='ltr'>decimus,</span> <span class='ocrx_word' id='word_1_281' title='bbox 1518 4147 1645 4230; x_wconf 87' lang='lat' dir='ltr'>quendo</span> <span class='ocrx_word' id='word_1_282' title='bbox 1683 4147 1809 4210; x_wconf 89' lang='lat' dir='ltr'>decime</span> 
     </span>
    </p>
   </div>
   <div class='ocr_carea' id='block_1_14' title="bbox 841 4418 1200 4488">
    <p class='ocr_par' dir='ltr' id='par_1_14' title="bbox 841 4418 1200 4488">
     <span class='ocr_line' id='line_1_30' title="bbox 841 4418 1200 4488; baseline 0 -5"><span class='ocrx_word' id='word_1_283' title='bbox 841 4436 845 4444; x_wconf 89' lang='lat'>·</span> <span class='ocrx_word' id='word_1_284' title='bbox 915 4418 1200 4488; x_wconf 79' lang='lat' dir='ltr'><strong>BLAKGROVE.</strong></span> 
     </span>
    </p>
   </div>
   <div class='ocr_carea' id='block_1_15' title="bbox 305 4549 1809 4810">
    <p class='ocr_par' dir='ltr' id='par_1_15' title="bbox 305 4549 1809 4810">
     <span class='ocr_line' id='line_1_31' title="bbox 351 4549 1809 4636; baseline 0 -22"><span class='ocrx_word' id='word_1_285' title='bbox 351 4551 508 4616; x_wconf 86' lang='lat' dir='ltr'>Dominus</span> <span class='ocrx_word' id='word_1_286' title='bbox 524 4550 564 4614; x_wconf 89' lang='lat' dir='ltr'>de</span> <span class='ocrx_word' id='word_1_287' title='bbox 578 4549 697 4613; x_wconf 75' lang='lat' dir='ltr'>&#39;l&#39;slbot</span> <span class='ocrx_word' id='word_1_288' title='bbox 710 4557 805 4614; x_wconf 81' lang='lat' dir='ltr'>tenet</span> <span class='ocrx_word' id='word_1_289' title='bbox 819 4553 1011 4631; x_wconf 83' lang='lat' dir='ltr'>inmediste‚</span> <span class='ocrx_word' id='word_1_290' title='bbox 1028 4553 1067 4615; x_wconf 90' lang='lat' dir='ltr'>de</span> <span class='ocrx_word' id='word_1_291' title='bbox 1082 4574 1145 4636; x_wconf 87' lang='lat' dir='ltr'>quo</span> <span class='ocrx_word' id='word_1_292' title='bbox 1161 4553 1214 4615; x_wconf 90' lang='lat' dir='ltr'>vel</span> <span class='ocrx_word' id='word_1_293' title='bbox 1229 4552 1268 4616; x_wconf 93' lang='lat' dir='ltr'>de</span> <span class='ocrx_word' id='word_1_294' title='bbox 1284 4551 1401 4635; x_wconf 87' lang='lat' dir='ltr'>quibus</span> <span class='ocrx_word' id='word_1_295' title='bbox 1416 4552 1581 4634; x_wconf 77' lang='lat' dir='ltr'>ignorent,</span> <span class='ocrx_word' id='word_1_296' title='bbox 1596 4555 1683 4612; x_wconf 72' lang='lat' dir='ltr'>cerie</span> <span class='ocrx_word' id='word_1_297' title='bbox 1707 4555 1809 4614; x_wconf 78' lang='lat' dir='ltr'>terres</span> 
     </span>
     <span class='ocr_line' id='line_1_32' title="bbox 305 4637 1808 4725; baseline -0.004 -19"><span class='ocrx_word' id='word_1_298' title='bbox 305 4649 339 4705; x_wconf 78' lang='lat' dir='ltr'>et</span> <span class='ocrx_word' id='word_1_299' title='bbox 356 4645 543 4704; x_wconf 77' lang='lat' dir='ltr'>tenemento</span> <span class='ocrx_word' id='word_1_300' title='bbox 556 4639 592 4700; x_wconf 89' lang='lat' dir='ltr'>in</span> <span class='ocrx_word' id='word_1_301' title='bbox 609 4637 783 4718; x_wconf 82' lang='lat' dir='ltr'>Swvuuou,</span> <span class='ocrx_word' id='word_1_302' title='bbox 801 4659 864 4725; x_wconf 89' lang='lat' dir='ltr'>que</span> <span class='ocrx_word' id='word_1_303' title='bbox 891 4659 993 4724; x_wconf 90' lang='lat' dir='ltr'>nuper</span> <span class='ocrx_word' id='word_1_304' title='bbox 1017 4640 1150 4704; x_wconf 71' lang='lat' dir='ltr'>fuerunt</span> <span class='ocrx_word' id='word_1_305' title='bbox 1173 4641 1303 4704; x_wconf 80' lang='lat' dir='ltr'>comilis</span> <span class='ocrx_word' id='word_1_306' title='bbox 1330 4637 1534 4717; x_wconf 83' lang='lat' dir='ltr'>Pembrolrie,</span> <span class='ocrx_word' id='word_1_307' title='bbox 1562 4657 1619 4720; x_wconf 87' lang='lat' dir='ltr'>per</span> <span class='ocrx_word' id='word_1_308' title='bbox 1634 4640 1808 4701; x_wconf 90' lang='lat' dir='ltr'>servicium</span> 
     </span>
     <span class='ocr_line' id='line_1_33' title="bbox 307 4725 709 4810; baseline -0.005 -18"><span class='ocrx_word' id='word_1_309' title='bbox 307 4735 419 4792; x_wconf 71' lang='lat' dir='ltr'>octove</span> <span class='ocrx_word' id='word_1_310' title='bbox 434 4727 537 4810; x_wconf 83' lang='lat' dir='ltr'>partis</span> <span class='ocrx_word' id='word_1_311' title='bbox 552 4746 606 4790; x_wconf 92' lang='lat' dir='ltr'>un.</span> <span class='ocrx_word' id='word_1_312' title='bbox 623 4725 645 4786; x_wconf 84' lang='lat' dir='ltr'>f.</span> <span class='ocrx_word' id='word_1_313' title='bbox 662 4747 709 4790; x_wconf 88' lang='lat' dir='ltr'>m.</span> 
     </span>
    </p>
   </div>
   <div class='ocr_carea' id='block_1_16' title="bbox 307 4860 1809 5101">
    <p class='ocr_par' dir='ltr' id='par_1_16' title="bbox 307 4860 1809 5101">
     <span class='ocr_line' id='line_1_34' title="bbox 349 4860 1809 4945; baseline 0.001 -23"><span class='ocrx_word' id='word_1_314' title='bbox 349 4861 546 4941; x_wconf 86' lang='lat' dir='ltr'>Willelmns,</span> <span class='ocrx_word' id='word_1_315' title='bbox 573 4861 725 4924; x_wconf 90' lang='lat' dir='ltr'>dominus</span> <span class='ocrx_word' id='word_1_316' title='bbox 751 4862 791 4925; x_wconf 92' lang='lat' dir='ltr'>de</span> <span class='ocrx_word' id='word_1_317' title='bbox 817 4862 942 4936; x_wconf 86' lang='lat' dir='ltr'>Lovell,</span> <span class='ocrx_word' id='word_1_318' title='bbox 964 4868 1060 4927; x_wconf 77' lang='lat' dir='ltr'>tenet</span> <span class='ocrx_word' id='word_1_319' title='bbox 1084 4863 1264 4926; x_wconf 76' lang='lat' dir='ltr'>inmodicis</span> <span class='ocrx_word' id='word_1_320' title='bbox 1286 4863 1328 4926; x_wconf 93' lang='lat' dir='ltr'>de</span> <span class='ocrx_word' id='word_1_321' title='bbox 1355 4863 1474 4925; x_wconf 90' lang='lat' dir='ltr'>honore</span> <span class='ocrx_word' id='word_1_322' title='bbox 1504 4860 1690 4945; x_wconf 78' lang='lat' dir='ltr'>Leycesirie</span> <span class='ocrx_word' id='word_1_323' title='bbox 1720 4870 1809 4925; x_wconf 84' lang='lat' dir='ltr'>certe</span> 
     </span>
     <span class='ocr_line' id='line_1_35' title="bbox 307 4948 1809 5101; baseline 0 -91"><span class='ocrx_word' id='word_1_324' title='bbox 307 4956 475 5101; x_wconf 54' lang='lat' dir='ltr'>ffidd</span> <span class='ocrx_word' id='word_1_325' title='bbox 491 4953 685 5100; x_wconf 47' lang='lat' dir='ltr'>ggnpmgnts</span> <span class='ocrx_word' id='word_1_326' title='bbox 713 4950 750 5011; x_wconf 92' lang='lat' dir='ltr'>in</span> <span class='ocrx_word' id='word_1_327' title='bbox 778 4949 950 5028; x_wconf 82' lang='lat' dir='ltr'>Encouus,</span> <span class='ocrx_word' id='word_1_328' title='bbox 981 4971 1046 5035; x_wconf 89' lang='lat' dir='ltr'>que</span> <span class='ocrx_word' id='word_1_329' title='bbox 1075 4971 1179 5034; x_wconf 90' lang='lat' dir='ltr'>nuper</span> <span class='ocrx_word' id='word_1_330' title='bbox 1207 4949 1341 5014; x_wconf 79' lang='lat' dir='ltr'>suerunt</span> <span class='ocrx_word' id='word_1_331' title='bbox 1370 4950 1501 5014; x_wconf 91' lang='lat' dir='ltr'>domine</span> <span class='ocrx_word' id='word_1_332' title='bbox 1531 4951 1571 5012; x_wconf 89' lang='lat' dir='ltr'>de</span> <span class='ocrx_word' id='word_1_333' title='bbox 1601 4948 1724 5027; x_wconf 91' lang='lat' dir='ltr'>Lovell,</span> <span class='ocrx_word' id='word_1_334' title='bbox 1753 4969 1809 5033; x_wconf 91' lang='lat' dir='ltr'>per</span> 
     </span>
    </p>
   </div>
   <div class='ocr_carea' id='block_1_17' title="bbox 304 5171 1809 5412">
    <p class='ocr_par' dir='ltr' id='par_1_17' title="bbox 304 5171 1809 5412">
     <span class='ocr_line' id='line_1_36' title="bbox 348 5171 1809 5255; baseline -0.002 -18"><span class='ocrx_word' id='word_1_335' title='bbox 348 5171 511 5237; x_wconf 79' lang='lat' dir='ltr'>lohannes</span> <span class='ocrx_word' id='word_1_336' title='bbox 543 5171 690 5255; x_wconf 85' lang='lat' dir='ltr'>Beynton</span> <span class='ocrx_word' id='word_1_337' title='bbox 721 5178 811 5237; x_wconf 76' lang='lat' dir='ltr'>tenet</span> <span class='ocrx_word' id='word_1_338' title='bbox 840 5174 1017 5240; x_wconf 83' lang='lat' dir='ltr'>inmediste</span> <span class='ocrx_word' id='word_1_339' title='bbox 1047 5176 1087 5239; x_wconf 93' lang='lat' dir='ltr'>de</span> <span class='ocrx_word' id='word_1_340' title='bbox 1117 5177 1236 5238; x_wconf 90' lang='lat' dir='ltr'>honore</span> <span class='ocrx_word' id='word_1_341' title='bbox 1272 5174 1476 5237; x_wconf 84' lang='lat' dir='ltr'>Gloucestrie</span> <span class='ocrx_word' id='word_1_342' title='bbox 1513 5177 1600 5238; x_wconf 78' lang='lat' dir='ltr'>certe</span> <span class='ocrx_word' id='word_1_343' title='bbox 1636 5178 1738 5236; x_wconf 78' lang='lat' dir='ltr'>terres</span> <span class='ocrx_word' id='word_1_344' title='bbox 1776 5179 1809 5234; x_wconf 89' lang='lat' dir='ltr'>et</span> 
     </span>
     <span class='ocr_line' id='line_1_37' title="bbox 304 5259 1809 5412; baseline 0 -90"><span class='ocrx_word' id='word_1_345' title='bbox 304 5259 679 5412; x_wconf 45' lang='lat' dir='ltr'>prssfficmilnfonvlru</span> <span class='ocrx_word' id='word_1_346' title='bbox 707 5261 883 5339; x_wconf 79' lang='lat' dir='ltr'>Wousnou‚</span> <span class='ocrx_word' id='word_1_347' title='bbox 915 5283 977 5345; x_wconf 91' lang='lat' dir='ltr'>que</span> <span class='ocrx_word' id='word_1_348' title='bbox 1013 5283 1116 5346; x_wconf 89' lang='lat' dir='ltr'>nuper</span> <span class='ocrx_word' id='word_1_349' title='bbox 1151 5264 1285 5325; x_wconf 83' lang='lat' dir='ltr'>fuerunt</span> <span class='ocrx_word' id='word_1_350' title='bbox 1315 5261 1456 5326; x_wconf 82' lang='lat' dir='ltr'>Gilberti</span> <span class='ocrx_word' id='word_1_351' title='bbox 1486 5261 1525 5324; x_wconf 92' lang='lat' dir='ltr'>de</span> <span class='ocrx_word' id='word_1_352' title='bbox 1555 5259 1722 5344; x_wconf 83' lang='lat' dir='ltr'>Berevvylr,</span> <span class='ocrx_word' id='word_1_353' title='bbox 1752 5279 1809 5342; x_wconf 90' lang='lat' dir='ltr'>per</span> 
     </span>
    </p>
   </div>
   <div class='ocr_carea' id='block_1_18' title="bbox 0 0 2050 6117">
    <p class='ocr_par' dir='ltr' id='par_1_18' title="bbox 0 0 2050 6117">
     <span class='ocr_line' id='line_1_38' title="bbox 0 0 2050 6117; baseline 0 1"><span class='ocrx_word' id='word_1_354' title='bbox 0 0 2050 6117; x_wconf 95' lang='lat' dir='ltr'> </span> 
     </span>
    </p>
   </div>
  </div>
 </body>
</html>
