4092 6117
804 559 889 627 Al).
914 562 1142 629 14⁰1-1402.
1661 556 1724 624 105

264 842 355 907 Prior
377 842 498 909 Ohrieti
523 844 694 912 cantuarie
719 851 810 912 tenet
833 850 1016 912 manerium
1039 849 1074 911 in
1091 849 1221 916 Innncn
1242 843 1510 935 [Monncncnnn]
1531 847 1572 910 de
1585 846 1718 913 domino

222 951 296 1016 rege
310 937 350 994 ul
362 932 403 995 de
418 930 538 998 bonore
552 935 593 999 de
608 934 737 1019 Helycn
753 956 809 1019 per
824 937 992 1000 servicium
1008 937 1034 1022 j.
1051 936 1074 1001 f.
1092 958 1137 1003 m.
1152 942 1187 1001 et
1201 936 1387 1000 medietatis
1402 935 1425 1000 f.
1441 956 1486 1001 m.

264 1067 453 1134 Edmnnduc
466 1070 614 1157 Burgeye
627 1079 721 1139 tenet
741 1070 918 1162 [muneris]
936 1094 995 1139 eun
1009 1074 1051 1139 dc
1067 1074 1213 1159 predicto
1228 1072 1310 1138 duce
1325 1072 1366 1138 de
1381 1074 1498 1153 honore
1513 1070 1555 1136 de
1570 1034 1717 1155 Reyleglr¹

223 1174 281 1237 per
294 1156 505 1223 medietatem
520 1160 543 1223 l.
559 1181 604 1226 m.

262 1290 435 1359 Comitisen
449 1297 573 1362 Oxonie
587 1302 680 1363 'cenet
695 1301 881 1366 manerium
895 1300 1040 1363 nnumin
1062 1295 1287 1385 [LAVJnnnnu
1319 1298 1359 1361 de
1386 1317 1462 1381 rege
1476 1296 1606 1361 nomine
1621 1296 1720 1373 dolie,

221 1383 272 1443 eet
285 1401 342 1464 per
356 1402 419 1467 que
434 1385 569 1449 servicia
582 1386 748 1471 ignorent.

263 1515 347 1583 Date
361 1518 415 1585 die
429 1524 466 1587 et
478 1541 564 1586 enno
579 1523 785 1607 supradietis„

263 1651 304 1716 Iu
317 1653 410 1739 cuiue
424 1658 472 1723 rei
485 1660 712 1725 testimonium
726 1668 791 1727 etc.

265 1789 352 1855 Item
375 1794 489 1860 dicunt
513 1798 599 1883 quod
625 1818 688 1863 non
712 1802 790 1863 nunt
812 1799 920 1883 pluree
934 1803 1020 1863 terre
1042 1818 1147 1885 neque
1162 1803 1348 1863 tenementa
1361 1818 1425 1881 qne
1439 1800 1594 1861 tenentur
1607 1797 1661 1861 i.c.
1678 1796 1719 1860 de

222 1896 296 1963 rege
310 1899 367 1962 per
382 1884 556 1947 servicium
570 1885 714 1951 militare
726 1906 832 1969 neque
844 1888 879 1950 in
896 1886 1034 1971 noeagio.

641 2331 878 2421 [chncnnun
902 2330 964 2421 nn]
990 2332 1305 2402 LODYNGLOND.

265 2464 443 2549 lnquieicio
455 2474 553 2553 euple
566 2490 672 2533 corum
689 2471 812 2555 liugero
825 2472 869 2535 de
882 2470 1077 2536 Wolfereton
1092 2478 1127 2536 et
1140 2472 1235 2536 cociie
1250 2470 1317 2534 sule
1342 2468 1568 2533 collectoribus
1591 2469 1718 2532 domini

221 2553 306 2634 regis
334 2554 369 2616 in
394 2557 556 2620 comitutu
581 2556 740 2623 Suffolkie
767 2578 825 2642 pro
847 2558 1036 2622 racionabili
1062 2560 1182 2623 auxilio
1196 2558 1237 2621 ud
1255 2554 1451 2621 Blnncheem
1466 2557 1719 2641 primogenitam

222 2636 324 2705 filiam
337 2640 464 2707 domini
478 2645 564 2729 regin
587 2646 805 2711 mnrilnndnm
827 2646 916 2730 apud
940 2645 1059 2711 Bekles
1085 2647 1139 2713 die
1165 2645 1299 2711 Scbbcli
1326 2644 1473 2729 proximu
1494 2650 1572 2707 ante
1595 2642 1719 2707 lentum

223 2722 337 2790 Sancti
362 2726 531 2794 Valentini
559 2752 646 2795 enno
674 2735 767 2817 regni
789 2733 878 2817 regie
904 2733 1039 2797 Henrici
1065 2735 1174 2817 quarti
1197 2738 1271 2817 pont
1294 2738 1506 2815 conquestum
1531 2730 1633 2795 larcio
1661 2750 1720 2814 per

221 2824 460 2879 encrnmentum
488 2817 646 2882 willelmi
673 2819 815 2903 Rogger,
843 2820 997 2883 Willelmi
1028 2820 1140 2903 Ilarys,
1171 2816 1330 2903 Stephani
1355 2818 1396 2882 de
1422 2816 1538 2903 Bryge,
1563 2816 1720 2880 Johnnnie

222 2898 378 2984 mayn,
407 2902 533 2968 Thcme
560 2904 651 2983 Dulc‚
675 2904 801 2971 'llrome
826 2906 980 2985 Benncre,
1003 2907 1135 2971 Ricardi
1158 2906 1198 2971 (lc
1225 2905 1378 2989 burgele,
1407 2904 1567 2967 lobannis
1599 2902 1720 2983 Bonde,

221 2986 352 3051 Ricerdi
375 2990 551 3075 Pnyfflrylr,
576 2994 704 3057 Andree
731 2994 914 3073 Aieehmnn,
944 2993 1104 3058 Johannie
1134 2993 1275 3077 Gouyld,
1305 3000 1340 3057 et
1369 2990 1528 3055 Jobnnnic
1557 2989 1718 3069 Damion,

220 3072 413 3158 juratorum,
427 3079 486 3161 qui
501 3079 618 3144 dicunt
633 3100 730 3165 nuper
744 3088 986 3147 recrementum
1001 3102 1098 3145 suum
1112 3080 1199 3165 quod
1208 3104 1262 3146 :-

264 3261 358 3327 Prior
371 3263 412 3328 de
427 3264 575 3353 Ieyghee
588 3271 682 3333 tenet
694 3269 736 3332 dc
750 3267 882 3335 domino
896 3287 971 3353 rege
985 3269 1038 3334 ic.
1054 3268 1238 3333 muuerium
1252 3286 1348 3331 nuum
1362 3264 1405 3329 de
1419 3266 1578 3335 Gnnnonn
1591 3265 1626 3327 in
1645 3263 1723 3329 villa

222 3348 264 3412 de
277 3348 492 3421 Burnum
505 3374 564 3438 per
577 3356 757 3420 servicium
772 3362 886 3440 quarte
901 3356 1004 3441 parcis
1017 3356 1047 3441 1⁶.
1060 3355 1083 3421 l.
1100 3377 1145 3423 m.

266 3487 352 3552 Item
367 3487 486 3555 dicunt
500 3491 586 3577 quod
601 3492 692 3555 nulle
712 3493 806 3579 plcre
828 3494 925 3559 leode
939 3497 1095 3557 cenentur
1109 3491 1150 3557 dc
1163 3492 1297 3557 domino
1311 3511 1386 3577 rege
1401 3491 1453 3555 i.c.
1471 3488 1579 3553 necin
1596 3487 1725 3571 eocngic

220 3575 290 3640 cine
305 3577 416 3643 medio
429 3578 516 3643 inira
528 3578 734 3643 hundredum
748 3580 944 3665 predictum.

265 3711 305 3777 In
320 3714 415 3800 cujus
428 3717 476 3781 rei
491 3714 722 3780 testimonium
736 3722 801 3784 etc.
