4092 6117
287 564 352 631 Μ
862 632 867 641 ,
905 564 1176 632 WILTSHIRE.

330 859 434 940 Anna,
462 859 628 923 comitissa
656 859 839 937 Staffordie,
864 867 955 925 tenet
980 864 1162 928 inmediate
1188 864 1228 928 de
1254 863 1387 926 domino
1413 881 1490 942 rege
1518 866 1607 924 certa
1633 865 1733 923 terrae
1759 865 1793 922 et

283 950 519 1099 tuepepnelptain
535 949 797 1027 vaunnsrosn‚
813 969 878 1034 que
892 971 996 1034 nuper
1012 952 1150 1016 inerunt
1165 951 1295 1014 comitis
1311 949 1516 1026 Herefordie,
1540 969 1596 1031 per
1620 948 1792 1010 servicium

328 1139 670 1251 iohannemominus
684 1160 832 1256 Typtoit,
859 1179 951 1237 tenet
976 1177 1156 1238 inmediale
1172 1175 1211 1237 de
1226 1173 1358 1237 domiuo
1373 1193 1449 1256 rege
1465 1173 1519 1236 i.c.
1537 1177 1625 1234 certa
1640 1178 1741 1234 terras
1757 1181 1792 1234 et

283 1265 472 1411 plepepulepta
500 1261 534 1321 in
567 1260 684 1340 Srorrn,
708 1280 772 1343 que
802 1280 907 1344 nuper
935 1262 1069 1326 fuerunt
1095 1262 1249 1326 Herberti
1277 1261 1337 1378 filii
1367 1257 1506 1335 Mathei,
1530 1279 1587 1342 per
1616 1261 1789 1322 servicium

327 1481 497 1562 Katerina,
525 1484 636 1566 regins
660 1484 789 1571 Anglie,
813 1491 902 1548 tenet
929 1487 1112 1550 inmediute
1138 1488 1190 1551 i.c.
1222 1490 1309 1548 certa
1340 1491 1441 1547 terras
1471 1490 1505 1546 et
1534 1487 1725 1546 tenementa
1756 1485 1789 1544 in

283 1570 528 1724 ffirngugeoun,
556 1591 619 1655 que
655 1593 760 1655 nuper
795 1573 929 1636 inerunt
958 1573 1130 1652 Johannis,
1160 1574 1254 1636 ducis
1288 1571 1485 1648 Lancastrie,
1523 1591 1580 1653 per
1617 1571 1789 1634 servicium

739 1895 961 1961 Hennannuu
984 1919 1028 1962 na
1053 1897 1360 2003 S'I'O'l'EFELD.¹

326 2029 441 2095 Custos
466 2038 501 2094 et
525 2032 658 2095 scolares
682 2030 810 2116 collegii
825 2012 931 2096 vocati
957 2033 1060 2118 Seynt
1088 2033 1182 2118 Mary
1197 2033 1317 2119 Colege
1338 2035 1374 2096 of
1391 2031 1598 2117 Wynclrestre
1612 2033 1647 2095 in
1663 2035 1788 2095 Oronia

283 2124 395 2182 tenent
411 2120 591 2182 inmediate
615 2119 655 2181 de
678 2119 810 2182 domino
834 2140 909 2203 rege
933 2121 985 2186 ic.
1003 2129 1093 2185 certa
1118 2130 1222 2185 terras
1246 2130 1280 2185 ct
1304 2129 1490 2184 tenementa
1516 2121 1549 2182 in
1568 2121 1708 2196 Srsnrs‚
1725 2140 1788 2202 que

280 2205 531 2288 superfuerunt
547 2205 769 2270 Bartholomei
787 2205 967 2282 Burwassh,
983 2229 1039 2290 per
1055 2211 1227 2272 servicium
1245 2230 1301 2274 un.
1318 2208 1340 2272 f.
1357 2229 1401 2272 m.

324 2346 428 2408 Alicia
444 2344 621 2428 Maleweyn
639 2353 728 2408 tenet
743 2345 922 2408 inmediate
937 2345 978 2408 de
992 2348 1113 2409 comite
1130 2345 1311 2409 Sarisburie
1326 2351 1416 2409 certa
1431 2353 1532 2408 terras
1548 2353 1584 2408 et
1598 2351 1786 2408 tenementa

281 2436 314 2496 in
330 2434 614 2509 Ecrrnurrrnrron,
629 2451 692 2517 que
708 2452 811 2514 nuper
826 2431 1138 2496 fuerunt-dohannis
1154 2433 1346 2516 Maleveyn,
1362 2453 1419 2516 per
1435 2433 1614 2496 servicium
1629 2453 1684 2497 nn.
1702 2431 1723 2497 f.
1740 2455 1785 2498 m.

326 2570 486 2632 Robertus
510 2567 688 2651 Frampton
705 2574 799 2632 tenet
813 2570 996 2632 inmediate
1012 2570 1052 2632 de
1068 2570 1151 2632 duce
1167 2569 1385 2640 Gloucestrie.
1401 2575 1438 2632 ut
1465 2568 1505 2632 de
1530 2573 1637 2632 castro
1663 2590 1720 2632 suo
1745 2569 1786 2632 de

280 2659 422 2728 Devises,
438 2661 526 2720 certa
541 2663 642 2718 terras
656 2665 691 2718 et
705 2661 895 2719 tenemeuta
909 2658 944 2718 in
960 2657 1246 2736 Eousurrrnerou,
1262 2678 1326 2741 que
1354 2677 1457 2740 nuper
1481 2656 1615 2720 fuerunt
1641 2655 1783 2719 Galfridi
1869 2683 1871 2688 ·

280 2747 309 2809 le
325 2744 459 2820 Blount,
472 2764 529 2826 per
544 2743 715 2806 servicium
731 2743 776 2808 di.
792 2744 815 2807 f.
833 2764 878 2809 m.

323 2879 698 2964 Reginaldus,dominua
721 2879 762 2941 de
786 2879 818 2941 ln
846 2879 966 2955 Warre,
990 2888 1083 2944 tenet
1110 2880 1292 2943 inmediate
1316 2880 1357 2943 de
1384 2880 1517 2942 domino
1533 2899 1609 2964 rege
1624 2881 1677 2946 ic.
1694 2886 1784 2944 certa

279 2977 378 3033 terras
402 2973 437 3031 et
459 2973 647 3030 tenementa
669 2968 704 3028 in
729 2966 920 3045 Aurucrou,
946 2988 1010 3052 qne
1036 2987 1140 3052 nuper
1165 2968 1301 3033 suerunt
1324 2965 1485 3030 Johannis
1508 2967 1548 3030 de
1575 2968 1695 3047 Warre,
1725 2989 1783 3052 per

281 3057 452 3121 servicium
467 3075 522 3117 un.
540 3054 562 3119 f.
579 3075 624 3118 m.

322 3193 414 3255 Prior
429 3191 470 3254 de
486 3190 628 3252 Lantoni
644 3194 737 3252 tenet
753 3189 933 3252 inmediate
948 3189 990 3252 de
1006 3189 1140 3252 domino
1157 3210 1229 3274 rege
1245 3191 1298 3254 i.c.
1317 3197 1406 3252 certa
1422 3195 1523 3253 terras
1539 3197 1574 3256 et
1596 3198 1784 3256 tenemeuta

277 3282 311 3344 in
340 3280 545 3355 Smncnrou,
561 3297 623 3362 qne
637 3275 771 3339 fuerunt
784 3274 933 3340 Johanne
948 3277 988 3339 de
1003 3277 1143 3353 Jovons‚
1159 3279 1192 3338 in
1217 3297 1333 3361 purum
1350 3277 1575 3355 elemosinam,
1590 3301 1647 3362 pro
1662 3282 1781 3363 quibus

279 3368 378 3432 solvit
391 3366 546 3444 decimas,
561 3363 690 3448 quando
705 3363 833 3426 decime
848 3371 994 3428 currunt.

298 3523 300 3526 ’
322 3502 487 3568 Johenues
501 3501 644 3565 German
659 3507 751 3565 tenet
765 3501 944 3565 inmediate
959 3501 1000 3565 de
1015 3511 1122 3565 castro
1139 3503 1179 3565 de
1195 3502 1307 3585 Ervyas
1322 3477 1412 3566 cert's
1430 3513 1529 3566 terras
1545 3511 1580 3568 et
1595 3509 1782 3569 tenemento

278 3596 312 3656 in
330 3592 539 3666 casurusne,
554 3610 611 3673 per
626 3589 800 3652 servicium
817 3609 872 3654 un.
890 3589 913 3650 f.
930 3610 975 3653 m.

322 3730 444 3793 Dicunt
471 3728 574 3791 eciam
600 3726 739 3810 predicti
764 3727 927 3810 juratores
953 3725 1040 3808 quod
1066 3725 1153 3789 nulle
1177 3734 1255 3790 sunt
1278 3725 1341 3788 alie
1370 3745 1518 3809 persone,
1537 3729 1604 3791 sive
1620 3734 1780 3810 tenentes,

278 3820 364 3881 inira
378 3815 544 3878 hundreda
557 3816 705 3898 predicta
720 3814 824 3877 scisiti
842 3814 875 3876 in
891 3813 1056 3875 dominico
1073 3834 1131 3875 sno
1147 3814 1327 3877 inmediate
1343 3821 1382 3876 ut
1408 3815 1449 3876 de
1471 3814 1570 3876 libero
1592 3823 1782 3880 tenemento

280 3906 367 3968 uude
381 3903 481 3966 iidem
497 3922 632 3985 persone
654 3902 720 3964 sive
742 3906 889 3963 tenentes
912 3905 1149 3984 possessionste
1165 3903 1324 3977 existunt,
1339 3901 1395 3982 qui
1410 3905 1527 3964 tenent
1541 3923 1598 3984 per
1613 3904 1778 3987 integrum

278 3991 408 4056 feodum
424 3989 552 4069 militis,
569 3988 792 4065 medietatem,
810 3988 956 4065 terciam,
972 3986 1024 4049 vel
1040 3993 1190 4072 quartem
1207 4000 1334 4071 partem
1349 4007 1406 4050 un.
1421 3989 1444 4053 f.
1461 4009 1506 4053 m.
1523 3989 1689 4055 inclusive.

322 4131 361 4193 In
376 4127 471 4213 cujus
485 4128 532 4189 rei
547 4127 775 4189 testimouium
790 4130 854 4189 etc.

782 4393 786 4396 .
822 4391 1312 4399 ....—-—----———-———

706 4589 926 4656 Huununoors
949 4609 993 4654 ns
1015 4587 1349 4656 WONDERDYCH.

324 4727 502 4812 inquisicio
516 4732 612 4809 capta
627 4725 713 4808 apud
731 4725 855 4788 Novem
868 4722 1085 4789 Sarisburiam
1097 4726 1150 4788 dic
1161 4724 1278 4787 Martis
1289 4723 1437 4807 proximo
1448 4729 1522 4806 post
1533 4721 1655 4787 festum
1665 4723 1778 4790 Sancti

281 4815 428 4880 Bersabe
442 4813 602 4898 Apostoli,
616 4832 700 4875 anno
726 4813 819 4896 regni
844 4814 932 4898 regis
956 4813 1093 4876 Henrici
1117 4815 1202 4875 sexti
1225 4821 1299 4895 post
1320 4821 1533 4896 conquestum
1555 4819 1658 4889 sexto,
1672 4833 1777 4876 coram

281 4902 447 4967 Willelmo
462 4901 558 4967 Lord.
567 4907 603 4963 et
613 4900 707 4962 sociis
722 4901 800 4976 suis,
811 4899 1038 4963 collectoribus
1053 4900 1190 4965 subsidii
1204 4899 1329 4962 domini
1343 4899 1429 4983 regis
1444 4899 1478 4960 in
1493 4900 1653 4962 comitatu
1664 4897 1779 4964 Wiltes

281 4995 315 5054 in
337 4990 456 5053 ultimo
470 4988 686 5072 parliamento
711 5007 768 5049 sno
782 4987 870 5070 apud
884 4987 1211 5050 westmonasterium
1233 4987 1266 5048 in
1292 4987 1454 5071 quindena
1476 4983 1586 5048 Sancti
1609 4985 1779 5051 Michaelis

281 5077 400 5140 ultimo
426 5076 581 5159 preterita
609 5079 702 5137 tento
727 5075 884 5152 concessi,
898 5093 954 5157 per
968 5083 1207 5138 sacramentum
1223 5071 1380 5136 Johannis
1394 5071 1553 5151 Teffente,
1570 5071 1658 5135 Petri
1674 5073 1779 5152 Duke,

282 5163 440 5226 willelmi
455 5162 585 5244 Smyth,
602 5161 732 5224 Roberti
751 5160 868 5243 Fynes,
883 5159 1035 5224 Nicholai
1051 5161 1170 5244 Fynes,
1185 5158 1309 5224 Thorne
1325 5159 1446 5242 Lange,
1460 5156 1619 5222 Johannis
1634 5159 1778 5244 Martyn,

280 5248 444 5333 Radulphi
461 5249 573 5330 Colyn,
600 5248 761 5311 Johaunis
786 5249 911 5332 Hoper,
934 5247 1095 5312 Johannis
1124 5248 1243 5331 Wilby,
1263 5245 1420 5310 Willelmi
1442 5245 1607 5322 Rovvland,
1621 5245 1780 5314 Willelmi

281 5337 419 5416 llobbes‚
433 5341 468 5403 et
482 5336 606 5404 Thome
622 5335 731 5424 Igger,
741 5335 941 5419 juratorum,
956 5336 1141 5420 juratorum
1170 5335 1209 5398 dc
1234 5333 1404 5400 hundredo
1427 5333 1467 5402 de
1482 5331 1705 5411 Wonderdich,
1723 5337 1779 5426 qui
