4092 6117
864 571 869 590 '
926 569 1008 638 Ab.
1034 573 1127 638 1428.
1710 573 1771 640 311

312 864 494 950 Inquisicio
517 870 613 949 capta
638 867 674 929 in
697 865 834 930 civitate
858 865 1035 950 Wygornie
1060 886 1168 930 coram
1193 863 1367 950 Radulpho
1393 865 1541 931 Merston
1570 869 1605 927 et
1635 863 1773 928 Ricardo

269 950 367 1015 Baret
390 953 678 1016 commissionariia
702 953 830 1016 domini
855 954 942 1036 regis
967 954 1000 1016 in
1028 954 1141 1017 eadem
1167 955 1301 1017 civitate
1327 953 1382 1016 die
1408 953 1501 1017 Lune
1528 949 1672 1036 proxima
1697 957 1773 1036 post

270 1037 391 1102 festum
408 1040 617 1103 Ascenoionis
633 1038 767 1103 Domini
782 1060 868 1104 anno
883 1043 975 1125 regni
989 1041 1078 1124 regis
1093 1041 1228 1105 Henrioi
1246 1041 1330 1104 sexti
1353 1047 1427 1124 post
1452 1046 1664 1123 conquestum
1681 1046 1773 1102 sexto

269 1125 392 1190 virtute
427 1128 666 1190 commissionis
702 1129 751 1190 eis
788 1127 911 1191 directe
940 1134 973 1192 et
1003 1124 1081 1190 huic
1110 1128 1321 1212 inquisicioni
1352 1133 1485 1192 consuto
1516 1128 1556 1190 ad
1586 1124 1773 1203 levandum,

267 1213 501 1297 colligendum,
530 1220 565 1278 at
601 1215 823 1298 recipiendum
862 1235 965 1278 unum
1001 1215 1183 1278 subsidium
1220 1217 1254 1277 in
1292 1216 1427 1278 civitate
1457 1213 1642 1300 Wygornie,
1673 1219 1705 1276 et
1736 1215 1771 1276 in

268 1299 430 1364 suburbiis
444 1301 592 1385 ejusdem
606 1303 740 1366 domino
755 1303 826 1386 regi
842 1309 905 1366 eto.
925 1307 973 1381 (oe
989 1304 1103 1384 before)
1119 1324 1176 1385 per
1191 1308 1427 1366 sacramentum
1444 1302 1578 1366 Roberti
1594 1298 1771 1385 Burghale,

268 1386 399 1452 Ricardi
413 1387 601 1467 Neweman‚
617 1388 775 1454 Willelmi
791 1389 941 1466 Grafton,
956 1388 1119 1453 Johannis
1145 1388 1382 1472 Norbampton‚
1396 1389 1519 1452 Thome
1541 1388 1632 1466 Batt,
1647 1395 1771 1470 tapcer‚

269 1473 424 1538 Willelmi
453 1475 603 1560 Sporyot,
631 1475 791 1540 Johannis
822 1475 975 1553 Orchard‚
1007 1477 1143 1540 Walteri
1172 1475 1409 1559 Whytoburcb‚
1439 1475 1595 1559 Stephani
1634 1474 1772 1554 Norton,

267 1559 425 1626 Johannis
441 1562 632 1648 Symondes,
646 1563 805 1628 Johannis
821 1563 928 1641 Halle,
943 1573 978 1627 et
992 1563 1152 1627 Johannis
1168 1563 1296 1646 Smyth,
1313 1573 1520 1627 oneratorum
1536 1570 1570 1625 et
1589 1563 1772 1647 juratorum

267 1668 363 1731 super
399 1651 496 1713 certis
533 1651 681 1714 articulis
718 1653 753 1713 in
790 1651 902 1714 eadem
938 1653 1166 1714 commissione
1203 1652 1376 1728 contentis,
1412 1652 1468 1734 qui
1517 1651 1631 1713 dicunt
1679 1669 1774 1732 snper

267 1741 505 1800 sacramentnm
521 1758 616 1802 suum
632 1738 718 1822 quod
729 1762 783 1802 :—

308 1903 452 1968 Ecclesia
480 1907 607 1972 Sinone
624 1906 744 1971 Eunus
770 1908 805 1968 in
830 1907 965 1970 civitate
992 1907 1137 1990 predicta
1165 1906 1250 1969 valet
1277 1927 1332 1990 per
1354 1925 1477 1969 annum
1501 1904 1664 1990 xij.more.
1678 1902 1774 1986 juxta

266 2010 376 2054 verum
392 1991 526 2056 valorem
543 1993 690 2077 ejusdem
705 2002 741 2057 et
754 2013 819 2056 non
831 1995 983 2077 amplius.

309 2101 454 2168 Ecclesia
471 2105 589 2171 Ssuorl
604 2107 732 2171 Assem
758 2107 794 2168 in
819 2106 933 2168 eadem
955 2108 1090 2170 civitate
1106 2108 1192 2170 valet
1219 2124 1413 2189 perannum
1428 2125 1501 2170 xxx.
1512 2128 1537 2170 s.
1553 2105 1647 2188 juxta
1662 2122 1772 2166 verum

267 2189 407 2253 valorem
422 2192 570 2276 ejusdem
586 2199 621 2256 et
636 2213 701 2255 non
716 2192 869 2276 amplius.

309 2302 457 2450 Eqplesia
482 2304 608 2370 Seuera
636 2305 777 2371 Annene
804 2306 838 2368 in
865 2303 979 2369 eadem
1006 2306 1142 2368 civitate
1162 2307 1249 2370 valet
1276 2325 1474 2386 perannum
1492 2303 1536 2385 vj.
1550 2326 1644 2368 errore.
1660 2309 1693 2366 et
1708 2322 1773 2365 non
1824 2376 1828 2384 Ι

266 2408 342 2472 amp
356 2410 419 2456 rus.

309 2500 454 2652 Ecclesia
480 2504 621 2571 Ouruuu
651 2505 849 2574 Ssucsosun
865 2505 899 2568 in
915 2506 1051 2569 civitate
1067 2505 1212 2588 predicta
1227 2505 1316 2569 valet
1331 2525 1527 2589 perannum
1544 2504 1613 2590 viij.
1626 2526 1722 2569 neore.
1740 2510 1773 2565 et

266 2607 331 2652 non
349 2611 425 2674 amp
438 2612 500 2656 rus.

308 2701 452 2852 qulesia
480 2704 599 2771 Ssucrr
624 2707 817 2771 Cnsunurrs
843 2706 879 2767 in
905 2704 1018 2768 eadem
1043 2706 1179 2770 civitate
1206 2707 1294 2769 valet
1318 2725 1375 2788 per
1401 2724 1523 2767 annum
1548 2703 1631 2767 xla.
1651 2708 1683 2766 et
1708 2722 1773 2766 non

265 2809 343 2875 amp
357 2810 419 2853 rus.

306 2901 451 3050 qulesia
478 2904 597 2971 Sason
622 2905 785 2970 Nrcnonar
808 2905 843 2968 in
869 2905 985 2968 eadem
1011 2906 1149 2969 civitate
1174 2906 1262 2969 valet
1288 2925 1344 2990 per
1370 2925 1493 2968 annum
1510 2924 1644 2968 v.morc.
1660 2907 1694 2966 et
1709 2923 1774 2966 non

264 3008 319 3051 am
355 3009 416 3054 rus.

307 3010 453 3252 golplesia
479 3104 598 3171 Ssuorr
624 3104 773 3170 Mssrrru
798 3106 834 3168 in
855 3104 990 3170 civitate
1014 3106 1162 3190 predicta
1176 3106 1263 3169 valet
1278 3127 1334 3189 per
1350 3117 1474 3168 annum
1491 3103 1532 3169 ix.
1544 3125 1640 3169 cruore.
1657 3107 1692 3165 et
1708 3123 1772 3166 non

265 3209 319 3252 am
369 3211 420 3257 us.

307 3211 449 3451 gelclesia
475 3303 594 3370 siren
620 3304 789 3371 Swrrsrur
816 3305 851 3367 in
878 3305 991 3369 eadem
1018 3307 1153 3370 civitate
1169 3305 1256 3369 valet
1283 3325 1474 3389 perannum
1490 3305 1642 3386 xj.mcrc.
1659 3307 1692 3367 et
1708 3323 1771 3366 non

266 3409 319 3451 am
355 3409 417 3455 rus.

307 3410 453 3651 Fblplesia
479 3503 597 3569 Sason
623 3505 728 3569 Portu
756 3506 790 3567 in
816 3506 951 3568 civitate
978 3506 1124 3588 predicta
1138 3506 1226 3570 valet
1252 3527 1309 3589 per
1336 3525 1459 3568 annum
1483 3526 1535 3570 xv.
1546 3527 1642 3570 more.
1659 3510 1694 3566 et
1709 3524 1772 3568 non

265 3608 340 3671 amp
367 3609 416 3654 us.

308 3725 352 3788 Et
365 3725 450 3809 quod
465 3747 529 3789 non
545 3733 621 3790 sunt
636 3727 746 3810 plures
760 3729 893 3793 ecclesie
908 3728 1094 3792 incivitate
1110 3730 1255 3812 predicta
1270 3748 1328 3793 nec
1344 3731 1379 3792 in
1396 3729 1557 3793 suburbiis
1572 3729 1730 3814 ejusdem.

309 3862 394 3925 Ibem
408 3862 526 3927 dicunt
539 3871 604 3929 eto.
621 3865 707 3947 quod
723 3866 806 3928 nulli
822 3871 899 3928 sunt
913 3867 1061 3930 homines
1076 3869 1143 3929 sive
1160 3871 1307 3930 tenentes
1323 3869 1382 3950 qui
1397 3873 1511 3930 tenent
1539 3867 1649 3952 aliqua
1675 3873 1774 3930 terras

264 3971 322 4014 seu
336 3955 527 4014 tenementa
541 3952 575 4012 in
592 3952 727 4016 civitate
743 3953 888 4036 predicta
903 3955 1011 4016 necin
1030 3954 1190 4017 suburbiis
1206 3955 1354 4041 ejusdem
1371 3976 1429 4038 per
1444 3955 1616 4018 servicium
1633 3954 1774 4017 militare

264 4058 320 4121 per
342 4038 428 4123 quod
451 4039 554 4121 aliqui
581 4038 706 4102 denarii
732 4040 831 4103 levari
856 4049 992 4123 possunt
1018 4041 1059 4104 ad
1087 4063 1166 4124 opus
1193 4044 1318 4106 domini
1334 4043 1420 4127 regis
1436 4041 1613 4106 secundum
1629 4048 1774 4105 tenorem

264 4124 499 4189 commissionis
513 4126 669 4208 predicte.
713 4127 753 4189 In
769 4128 864 4210 cujus
879 4130 924 4190 rei
941 4137 1003 4190 ete.

306 4324 485 4408 Gompotus
522 4323 672 4402 Edwardi
710 4326 892 4411 Hambury‚
925 4328 1083 4392 Willelmi
1113 4329 1208 4412 T5s0‚
1241 4329 1398 4393 Willelmi
1432 4329 1578 4411 Wynter,
1616 4325 1774 4391 Johannis

263 4411 414 4495 Peprrell
428 4409 592 4475 Johannis
616 4412 754 4493 Pursell,
782 4415 955 4477 Laurentii
983 4415 1128 4498 Kynges‚
1155 4414 1306 4480 Nicbolai
1333 4415 1459 4500 Pynke,
1486 4414 1639 4478 Niobolei
1656 4415 1772 4493 Grove,

264 4497 422 4562 Johannis
448 4498 567 4582 Hayle‚
592 4498 755 4564 Johannis
781 4501 927 4586 Wigger,
950 4499 1111 4566 Johannis
1137 4502 1386 4586 Chamberlayn,
1414 4508 1449 4566 et
1465 4503 1644 4565 Baldewini
1662 4502 1774 4581 Felde‚

262 4586 470 4650 collectorum
485 4586 656 4671 cujusdam
671 4589 809 4652 subsidii
836 4591 871 4653 iu
898 4590 1059 4654 comitatu
1077 4590 1262 4675 Wygornie,
1276 4592 1412 4655 civitate
1428 4591 1606 4674 Wygornie
1623 4599 1774 4673 excepta,

266 4673 352 4759 quod
367 4680 431 4738 etc.
450 4677 499 4752 (os
514 4676 642 4756 before).

310 4829 415 4892 lidem
444 4828 583 4892 reddunt
613 4837 802 4913 compotum
828 4832 868 4893 de
898 4832 988 4917 xviij.
1002 4834 1037 4897 li.
1065 4832 1133 4917 xiij.
1147 4855 1172 4897 s.
1199 4833 1261 4918 iiij.
1275 4835 1306 4897 d.
1337 4834 1378 4897 de
1408 4831 1595 4920 hujusmodi
1627 4838 1773 4903 subsidio

265 4915 424 4980 bonorum
452 4915 624 4979 mobilium
654 4917 916 4982 inhabitancium
945 4919 1113 4982 domicilia
1140 4923 1328 4983 tenenoium
1358 4923 1394 4983 in
1419 4923 1475 5007 lvj.
1502 4924 1661 5006 parochiis
1687 4927 1772 4989 infre

265 5004 391 5068 dictum
407 5003 600 5066 comitatum
615 5003 801 5088 Wygomie,
810 5027 948 5090 quarum
963 5007 1109 5091 quelibet
1124 5007 1257 5070 ecclesia
1273 5007 1357 5070 inire
1373 5029 1534 5072 summam
1551 5033 1580 5075 x.
1592 5032 1771 5076 marcarum

264 5098 340 5168 ante
353 5090 554 5173 quindenam
581 5091 764 5174 predictam
779 5094 962 5173 taxabatur,
977 5093 1133 5156 videlicet
1160 5096 1199 5157 de
1225 5096 1370 5178 qualibet
1395 5094 1549 5176 parochia
1564 5097 1607 5180 vj.
1619 5122 1643 5163 s.
1661 5100 1770 5186 viiju.

265 5180 349 5241 sicut
378 5178 566 5240 continetur
595 5180 631 5240 in
660 5179 803 5260 quodam
833 5181 940 5244 rotulo
969 5184 1111 5264 ipsorum
1142 5183 1351 5246 collectorum
1383 5183 1423 5244 de
1454 5184 1622 5266 particulis
1652 5186 1706 5249 hio
1736 5190 1769 5250 in

265 5263 413 5327 thesemo
438 5263 590 5341 liberato,
617 5264 675 5328 ubi
702 5267 905 5352 singularum
932 5269 1065 5332 nomina
1091 5269 1300 5333 ecelesiarum
1330 5269 1548 5353 predictarum
1576 5279 1609 5335 et
1632 5274 1770 5339 aliarum

267 5349 461 5434 singillatim
475 5356 686 5415 annotantur.
