4092 6117
264 529 332 610 rra
883 529 1153 599 wrarsuran.

306 809 492 913 Willelmus
515 813 686 898 Wykvylr,
712 813 879 879 Johannes
904 814 996 894 Hali,
1021 820 1058 879 et
1080 813 1265 882 Willelmus
1289 811 1384 891 Hull,
1409 814 1523 876 tenent
1538 807 1715 874 iamediate
1728 805 1768 906 de

262 907 552 1071 ἕξὲεέἐοῐάῗθὲθῖ
567 906 978 1056 stpprirppmptditeppppenta
1006 904 1043 966 in
1075 902 1215 981 Sroxrm,
1246 922 1309 985 que
1338 918 1443 985 nuper
1472 899 1605 962 luerunt
1633 893 1767 959 Robertr

307 1121 412 1186 Heres
427 1123 561 1188 Roberti
576 1125 617 1188 de
633 1123 789 1190 cantelou
805 1132 898 1191 tenet
911 1126 1101 1206 inmeditate,
1117 1125 1157 1190 de
1172 1147 1236 1214 quo
1250 1125 1302 1190 vel
1316 1124 1356 1188 de
1371 1123 1487 1209 quibus
1502 1123 1664 1210 ignorant,
1680 1124 1768 1183 certa

263 1212 415 1273 terreret
429 1215 623 1276 tenementa
637 1213 672 1277 in
688 1215 888 1293 Hnnrunov,
905 1235 969 1298 que
995 1235 1100 1298 nuper
1123 1215 1259 1277 fuerunt
1282 1211 1416 1278 Roberti
1442 1212 1483 1276 de
1510 1209 1695 1292 Cantilupo,
1713 1225 1769 1290 per

263 1297 436 1361 servicium
452 1299 499 1360 xl⁰
520 1301 620 1382 partis
635 1301 659 1366 f.
674 1323 719 1367 m.
1078 1307 1081 1314 ’
1166 1319 1168 1322 ⁴

308 1433 433 1498 Dicunt
460 1436 565 1499 eciam
592 1437 730 1521 predicti
756 1438 919 1523 juratores
943 1438 1030 1523 quod
1057 1437 1146 1502 nulle
1173 1441 1252 1500 sunt
1273 1436 1339 1500 alie
1364 1455 1501 1521 persone
1527 1436 1594 1499 sive
1619 1437 1771 1497 tenentes

264 1520 348 1583 infra
376 1521 581 1586 hundredum
611 1524 798 1607 predictum
826 1526 936 1590 seisite
965 1526 999 1588 in
1030 1525 1193 1589 dominico
1231 1545 1288 1588 suo
1318 1523 1496 1589 inmediatc
1525 1531 1564 1586 ut
1600 1520 1640 1584 de
1670 1520 1770 1584 libero

264 1614 456 1673 tenemento
479 1609 568 1674 unde
593 1611 695 1676 iidem
718 1633 855 1696 persone
881 1614 950 1676 sive
974 1618 1126 1676 tenentes
1151 1613 1388 1696 possessionate
1411 1611 1569 1690 existunt,
1585 1608 1642 1693 qui
1656 1613 1772 1672 tenent

265 1716 333 1845 perl
350 1696 515 1797 integrum
545 1697 676 1763 feodum
699 1701 817 1764 militis
847 1701 989 1765 mediate
1018 1701 1157 1764 terciam
1185 1699 1235 1764 vel
1261 1705 1411 1785 quartam
1436 1704 1563 1782 partem
1594 1716 1648 1764 un.
1674 1693 1698 1763 i.
1723 1716 1768 1760 m.

265 1802 320 1845 rnc
334 1804 436 1848 usrve.

311 1921 351 1984 In
365 1921 458 2006 quus
474 1925 521 1987 rei
536 1925 765 1990 testimonium
781 1932 851 1990 etc:

1232 2143 1281 2152 n·—

769 2307 990 2374 Huunasuuu
1012 2329 1057 2374 na
1080 2307 1273 2376 OAUDON.

312 2439 492 2525 Inquisicio
507 2448 605 2526 cepte
619 2443 707 2526 apud
724 2442 959 2529 Whychebury‚
974 2445 1029 2508 die
1055 2445 1146 2508 Luae
1171 2443 1317 2528 proximo
1341 2447 1416 2506 ante
1442 2441 1563 2505 festum
1578 2440 1772 2504 Nativitatis

270 2528 383 2592 Sancti
398 2528 559 2592 Johannis
575 2530 737 2612 Baptista,
755 2551 840 2594 anno
865 2534 956 2617 regni
982 2533 1068 2618 regis
1094 2531 1231 2595 Henrioi
1247 2531 1328 2594 sexti
1354 2534 1429 2612 post
1443 2535 1657 2613 conquestum
1672 2531 1772 2602 sexto,

270 2636 377 2679 coram
391 2614 541 2680 Johanne
556 2617 656 2700 Payn,
673 2618 813 2681 Roberto
829 2619 935 2704 Erley,
950 2618 1098 2683 Johanne
1123 2619 1255 2703 Sturmy
1278 2620 1320 2681 de
1344 2616 1497 2693 Areford‚
1511 2615 1658 2680 Johannc
1684 2613 1772 2697 Bryd

269 2704 310 2766 de
337 2701 558 2788 Marleburgh,
585 2704 727 2767 ilenrico
753 2704 917 2789 Bradeley,
943 2706 1094 2771 Johanne
1121 2707 1256 2790 Sturmy
1279 2706 1318 2769 de
1342 2701 1598 2780 Wachenesleld
1628 2701 1773 2767 Johanne

273 2790 372 2874 Enyo,
390 2790 554 2854 ll'illelmo
580 2790 664 2853 bord
687 2791 728 2854 de
752 2791 843 2856 Nova
869 2793 1061 2872 Sarisburia‚
1077 2802 1111 2858 et
1136 2792 1284 2857 Johanne
1308 2790 1500 2856 Mountiord
1524 2792 1564 2854 de
1587 2792 1655 2874 lrye
1674 2789 1773 2872 juxta

271 2877 457 2962 Westbury,
489 2877 711 2941 collectoribus
741 2879 878 2943 subsidii
908 2881 1034 2944 domini
1063 2882 1150 2966 regis
1180 2880 1214 2944 in
1245 2882 1405 2944 comitatu
1436 2878 1554 2942 Wiltes
1590 2878 1626 2940 in
1657 2877 1773 2940 ultimo

271 2964 486 3047 parliamento
500 2985 558 3028 suo
571 2965 657 3048 apud
670 2965 996 3032 westmonasterium
1011 2974 1105 3032 tento
1119 2968 1206 3051 apud
1220 2966 1545 3032 westmonasterium
1561 2965 1595 3027 in
1611 2963 1777 3050 quindena

273 3051 386 3115 Sancti
409 3051 581 3114 Michaelis
607 3053 727 3115 ultimo
749 3055 905 3136 preterita
927 3056 1080 3135 concessi,
1097 3075 1155 3139 per
1177 3060 1418 3118 sacramentum
1433 3052 1539 3119 David
1555 3051 1773 3136 Cervyngton,
1903 3078 1909 3089 ·

271 3139 390 3222 Rogeri
414 3138 628 3223 (lervyngton,
653 3139 811 3204 Willelmi
839 3141 945 3221 Seuer,
972 3143 1105 3206 Roberti
1138 3142 1284 3220 Bartour,
1316 3139 1476 3207 Johannis
1502 3138 1590 3218 Coos,
1616 3139 1774 3202 Johannis

271 3225 454 3308 Bertevyle‚
491 3224 652 3289 Johannis
688 3226 848 3306 Bradden‚
888 3229 1032 3293 Gilberti
1068 3229 1207 3308 Fischer,
1245 3229 1404 3292 Johannis
1433 3225 1588 3304 Coulond‚
1614 3223 1775 3290 Johannis

272 3312 410 3395 Raulyn,
448 3311 604 3375 Willelmi
641 3313 848 3399 Pynlrebryg,
886 3321 921 3379 et
956 3316 1115 3380 Johannis
1152 3317 1259 3401 Elyot‚
1289 3317 1484 3402 juratorum,
1512 3313 1694 3398 juratorum
1733 3312 1774 3378 de

271 3398 440 3463 hundredo
455 3400 496 3463 de
511 3399 653 3482 Caudon‚
670 3403 726 3485 qui
742 3402 858 3465 dicunt
872 3424 967 3486 super
981 3410 1221 3468 sacramentum
1237 3423 1332 3467 suum
1347 3402 1433 3486 quod
1444 3427 1498 3468 :—

315 3587 475 3664 Johanna,
500 3609 563 3670 que
589 3588 655 3651 luit
680 3610 760 3653 uxor
783 3590 917 3655 Roberti
942 3592 1043 3670 More,
1073 3598 1167 3658 tenet
1194 3592 1373 3656 inmediate
1402 3592 1443 3655 de
1469 3589 1650 3675 Reginaldo
1673 3590 1780 3667 West,

196 3684 198 3688 ’
271 3676 389 3753 milite,
413 3676 448 3737 in
472 3675 652 3741 Bnurroan
676 3684 710 3740 et
739 3678 1038 3747 Baavsnasnaenn
1062 3687 1148 3745 certa
1178 3685 1281 3745 terras
1311 3687 1344 3742 et
1367 3685 1563 3757 tenementa,
1588 3699 1650 3760 que
1673 3697 1776 3760 nuper

270 3763 404 3825 fuerunt
418 3761 577 3826 Willelmi
592 3764 632 3826 de
648 3763 767 3828 Sancto
782 3765 909 3845 Omer‘o,
925 3789 983 3850 per
996 3769 1169 3833 servicium
1184 3789 1239 3832 un.
1257 3767 1279 3830 f.
1295 3788 1340 3833 m.

314 3897 455 3962 Thomas
471 3900 610 3963 Gerbert
624 3906 716 3966 leuet
730 3904 920 3969 immediate
934 3905 976 3969 de
990 3904 1162 3971 heredibus
1177 3907 1302 3970 domini
1325 3906 1365 3968 de
1384 3904 1414 3966 N
1417 3905 1520 3988 evyle,
1536 3905 1571 3967 in
1587 3904 1773 3981 Onnsrons,

270 3994 359 4136 luppo}
381 3991 483 4139 Ξῐηε
510 3993 545 4049 et
570 3993 775 4070 tenemento,
801 4012 862 4075 que
894 4012 996 4076 nuper
1021 3992 1157 4058 fuerunt
1180 3993 1314 4056 Roberti
1345 3991 1497 4068 Gerbert,
1522 4011 1580 4074 per
1604 3990 1776 4056 servicium

315 4202 406 4264 Prior
421 4200 460 4264 de
476 4200 657 4288 Bradelegh
672 4209 765 4269 tenet
779 4208 966 4272 immediate
981 4210 1014 4271 in
1038 4209 1248 4275 Houvucrorv
1276 4207 1315 4270 de
1336 4206 1454 4270 comite
1480 4203 1660 4269 Sarisbnrie
1686 4211 1777 4268 certa

271 4294 373 4352 terras
388 4293 423 4352 et
439 4293 637 4370 tenemento,
651 4313 716 4376 que
732 4314 836 4378 nuper
851 4296 983 4360 fuerunt
996 4297 1113 4380 prioris
1127 4297 1167 4360 de
1182 4293 1356 4380 Bradlegh,
1370 4294 1406 4358 in
1421 4313 1536 4379 puram
1550 4292 1776 4372 elemosinam,

270 4396 328 4457 pro
343 4376 460 4461 quibus
475 4396 540 4439 non
557 4378 661 4442 solvit
675 4379 820 4445 decimas
834 4384 964 4466 quando
977 4390 1122 4450 currunt.
1575 4419 1577 4422 ·

313 4510 479 4577 lohannes
494 4514 614 4601 Congo,
630 4522 741 4582 custos
756 4519 884 4606 collegii
899 4521 1010 4586 Sancti
1027 4521 1206 4600 Edmundi,
1224 4519 1416 4598 Sadsburie,
1431 4524 1524 4583 tenet
1540 4517 1729 4582 immediate
1742 4519 1776 4581 in

270 4600 491 4680 Homeros,
506 4601 547 4666 de
570 4605 689 4668 comite
715 4605 905 4688 Sariaburie,
922 4621 1011 4673 certa
1036 4615 1136 4673 terras
1161 4614 1195 4672 et
1220 4612 1418 4686 tenemento,
1436 4627 1499 4692 qua
1525 4625 1629 4690 nuper
1642 4605 1776 4670 fuerunt

268 4688 411 4752 custodie
427 4688 539 4753 Sancti
554 4691 733 4772 Edmundi,
752 4694 942 4776 Sarisburie,
959 4717 1016 4781 per
1030 4697 1204 4760 servicium
1219 4696 1346 4761 decime
1363 4696 1464 4779 partis
1479 4714 1534 4759 un.
1550 4692 1573 4760 f.
1590 4713 1635 4761 m.

313 4824 453 4890 Thomas
478 4827 611 4912 Martyn
634 4833 726 4894 tenet
749 4831 942 4897 immediate
968 4834 1011 4897 de
1042 4834 1162 4899 comite
1192 4832 1382 4912 Sarisburie‚
1406 4831 1440 4894 in
1466 4831 1580 4899 Conna
1606 4829 1716 4897 Brsnr
1740 4837 1776 4894 at

270 4913 490 4993 Homeros,
506 4923 596 4978 certa
620 4923 723 4980 terras
746 4923 782 4982 et
807 4925 1008 5002 tenemento,
1026 4941 1090 5006 que
1113 4941 1217 5006 nuper
1241 4921 1374 4984 luerunt
1396 4918 1532 4984 Roberti
1558 4917 1701 5001 Martyn,
1717 4937 1776 5002 per

269 5001 445 5065 servicium
460 5021 547 5065 none
561 5004 663 5086 partis
677 5025 731 5070 un.
747 5007 770 5071 f.
785 5027 832 5073 m.

314 5134 461 5201 Heredes
490 5136 622 5201 Ricardi
651 5139 692 5204 de
721 5139 922 5228 Stondelegh
952 5149 1068 5209 tenent
1102 5143 1293 5208 immediate
1329 5143 1371 5207 de
1408 5162 1482 5228 rege
1519 5141 1554 5205 in
1592 5142 1708 5210 conss
1740 5147 1776 5206 et

270 5221 493 5304 Honruororv,
520 5231 609 5289 certa
638 5234 739 5291 terras
767 5235 802 5293 et
825 5236 1029 5310 tenementa,
1057 5251 1120 5315 que
1150 5250 1256 5316 nuper
1282 5232 1417 5295 fuerunt
1444 5230 1527 5294 dicti
1554 5229 1695 5308 Ricardi,
1721 5245 1777 5314 per

269 5310 441 5374 servicium
457 5331 542 5375 none
558 5314 658 5394 partis
672 5335 728 5380 un.
745 5316 768 5381 f.
784 5338 828 5384 m.
1376 5353 1380 5362 ·
