4092 6117
806 593 890 663 no.
921 588 1182 681 [raon-rece]
1701 598 1743 664 e1

285 881 449 947 Robertus
463 878 552 944 filins
565 880 689 947 Thome
703 882 743 947 de
759 882 943 950 Livermere
958 889 1050 950 tenet
1065 890 1293 949 tenementum
1308 903 1404 947 suum
1419 884 1454 947 in
1480 883 1680 950 Lrvnuunau
1704 882 1746 947 de

242 968 541 1121 {effigeRoherto
569 968 610 1033 de
637 969 711 1051 Ver,
734 974 854 1037 comite
879 972 1016 1051 Oxonie,
1039 974 1093 1039 i.c.
1121 994 1178 1057 per
1206 973 1377 1037 servicium
1406 972 1431 1058 j.
1458 972 1548 1055 parvi
1579 972 1603 1037 f.
1630 992 1675 1038 m.
1704 972 1745 1034 de

289 1196 466 1260 Willelmus
480 1196 521 1260 de
536 1196 680 1280 Ampton
696 1201 790 1261 tenet
804 1202 1028 1262 tenementum
1055 1217 1151 1261 suum
1176 1197 1210 1260 in
1227 1198 1386 1263 Ammona
1410 1198 1450 1260 de
1475 1195 1608 1259 domino
1629 1194 1745 1259 abbate

244 1282 356 1348 Sancti
372 1282 557 1347 Eadmnudi
574 1286 627 1349 i.c.
644 1304 700 1368 per
715 1286 886 1349 servicium
903 1287 924 1369 j.
941 1289 1047 1371 quari.
1063 1285 1086 1350 f.
1102 1306 1147 1350 m.

285 1421 425 1485 Thomas
440 1422 479 1484 de
496 1420 640 1485 Neriene
656 1428 746 1486 tenet
760 1424 784 1509 j.
801 1426 1028 1487 tenementum
1043 1423 1077 1485 in
1093 1422 1242 1488 Tosnoan
1257 1422 1296 1485 de
1311 1421 1443 1485 domino
1458 1421 1599 1485 Roberto
1613 1421 1655 1485 de
1669 1422 1744 1502 Ver,

243 1512 361 1574 comite
378 1509 514 1589 Oxonie,
530 1530 586 1593 per
601 1511 773 1575 servicium
788 1511 978 1575 medietatis
993 1510 1016 1576 f.
1033 1531 1079 1576 m.

775 1646 909 1713 Summa
919 1647 1106 1734 :—xviij.li.
1122 1647 1223 1734 viiic.

288 1934 349 1998 Isti
375 1934 477 2020 jurati
503 1932 545 1998 de
568 1954 651 1999 novo
674 1934 883 1998 reddiderunt
908 1935 997 1999 istud
1013 1934 1216 1999 veredictnm
1242 1956 1300 2020 pro
1325 1956 1390 2019 quo
1404 1956 1510 1999 coram
1525 1936 1657 2000 domino
1671 1957 1746 2023 rege

241 2022 430 2105 respondere
446 2021 572 2088 volunt.

714 2183 950 2273 [chnasnurr
974 2184 1034 2273 ns]
1063 2186 1284 2256 LAOFORD.

282 2324 303 2387 J
305 2326 389 2387 urati
402 2323 620 2389 r-Walterus
635 2323 677 2387 de
693 2323 804 2403 Smne,
822 2324 938 2388 Petrus
954 2324 1110 2404 Cevenas,
1124 2323 1310 2390 Willelmne
1324 2325 1415 2388 ll'est
1430 2324 1472 2388 de
1487 2322 1742 2409 Wridelington‚

240 2412 352 2474 Simon
367 2411 407 2474 de
423 2408 615 2489 Tvemhull,
643 2410 797 2475 Ricardus
812 2411 852 2475 ds
868 2412 1024 2490 Hosion,
1048 2412 1190 2477 Thomas
1208 2414 1395 2490 Nechehon‚
1420 2409 1586 2475 Johannes
1612 2411 1643 2473 le
1666 2412 1741 2495 Jay,

239 2499 379 2561 Thomas
404 2499 445 2561 de
471 2498 623 2578 Matisco,
639 2497 815 2562 Niohclaus
830 2500 870 2562 de
888 2498 1020 2577 Cotton,
1038 2499 1220 2563 Willelmue
1234 2499 1325 2563 West
1339 2499 1379 2563 de
1394 2499 1527 2577 Berton,
1542 2498 1686 2562 Andreae
1700 2498 1741 2562 de

238 2585 382 2668 Templo,
394 2591 427 2648 et
439 2584 556 2649 Petrus
570 2585 686 2663 Hardi,
696 2590 751 2669 qui
764 2586 879 2650 dicunt
894 2607 949 2669 per
964 2594 1203 2650 sacramentum
1219 2608 1315 2650 snum
1331 2592 1363 2650 et
1377 2607 1436 2670 per
1450 2588 1738 2669 prescrutationem

239 2675 379 2739 virorum
413 2672 650 2757 fidedignorum
677 2672 830 2737 videlicet
854 2674 966 2738 villute
991 2674 1175 2759 juratorum
1204 2675 1289 2738 infra
1317 2675 1501 2758 predictum
1531 2672 1740 2738 hundredum

239 2761 323 2845 quod
336 2785 387 2825 ι-
1218 2752 1227 2775 ⁸

280 2922 605 2990 Basanon—Abhas
620 2922 662 2986 de
676 2921 817 3029 lVardon
834 2928 928 2989 tenet
941 2926 967 3012 J'.
984 2930 1092 3009 quart.
1107 2924 1132 2991 f.
1148 2923 1190 2986 de
1206 2923 1338 2987 domino
1353 2923 1504 3006 episcopo
1519 2920 1664 3005 Elyensi.

281 3060 463 3125 Willelmus
496 3058 698 3139 Conestable‚
729 3064 835 3124 rector
871 3062 1005 3125 ecclesie
1042 3062 1084 3125 de
1122 3061 1283 3140 Brandon,
1313 3059 1473 3123 Robertus
1501 3058 1543 3122 de
1576 3058 1739 3138 Brandon,

239 3148 420 3212 Willelmus
435 3146 576 3212 Clericus
592 3152 627 3211 et
641 3152 791 3212 tenentes
807 3150 858 3213 sui
876 3154 991 3213 tenent
1004 3150 1049 3214 di.
1066 3153 1173 3235 quart.
1189 3149 1229 3212 de
1242 3150 1393 3232 episcopo
1407 3146 1554 3230 Elyerrsi.

280 3284 652 3352 Lemonum—Prior
675 3286 826 3371 Elyeusis
849 3292 884 3351 et
906 3292 1058 3352 tenentes
1084 3290 1135 3352 sui
1159 3290 1276 3351 tenent
1302 3287 1338 3349 in
1362 3284 1474 3349 eadem
1496 3284 1542 3351 di.
1570 3291 1674 3370 quart.
1694 3284 1736 3349 de

238 3377 387 3459 episcopo
401 3374 545 3456 Elyensi.
1338 3390 1342 3398 ·

280 3509 668 3579 wiceman—Thomas
692 3511 733 3576 de
756 3512 894 3578 Iovrthe
918 3518 952 3577 et
979 3518 1126 3578 tenentes
1152 3513 1202 3575 sui
1228 3516 1345 3576 tenent
1369 3512 1394 3598 j.
1420 3516 1526 3597 quart.
1547 3507 1605 3598 [i]
1627 3531 1673 3577 m.
1696 3510 1737 3576 de

237 3599 351 3663 abbate
367 3598 480 3664 Sancti
495 3598 672 3665 Edmundi.

278 3730 438 3795 Robertus
452 3730 493 3793 de
511 3727 687 3794 Hakebech
705 3734 798 3794 tenet
811 3730 837 3817 J'.
855 3736 961 3817 quart.
979 3731 1019 3794 de
1035 3729 1161 3796 Thoma
1176 3732 1216 3795 de
1230 3728 1405 3796 lclrevrth.

281 3866 421 3929 Lourots
435 3865 477 3929 de
493 3862 658 3949 Crepping
672 3868 764 3929 tenet
778 3864 824 3929 di.
840 3870 947 3950 quart.
962 3865 987 3931 f.
1004 3865 1045 3929 de
1060 3864 1226 3929 Willelmo
1240 3865 1281 3929 de
1297 3863 1474 3949 Orepping.

278 4000 382 4063 Abbas
397 3999 438 4063 de
454 3998 597 4062 Werdon
613 4003 705 4062 tenet
720 3999 744 4085 j.
760 4005 866 4085 quart.
883 4000 924 4063 de
938 3999 1071 4064 domino
1085 4000 1204 4065 comite
1220 3998 1391 4064 cornubie.

277 4136 685 4205 mansuem-Robertus
699 4136 741 4201 de
755 4138 945 4202 Todenham
960 4144 1053 4203 tenet
1067 4138 1134 4202 duo
1149 4139 1170 4203 i.
1188 4159 1233 4204 m.
1248 4138 1289 4201 de
1303 4136 1426 4200 honore
1442 4135 1599 4200 Bononie.

279 4274 647 4342 Bassoru-Nicholuus
662 4276 703 4339 de
719 4275 870 4340 Falsham
884 4280 920 4341 et
935 4281 1086 4341 tenentes
1108 4281 1160 4340 eui
1175 4275 1329 4340 videlicet
1353 4272 1511 4339 Ricardus
1533 4273 1574 4337 de
1600 4270 1735 4351 Suchet,

232 4363 407 4427 Nicholaus
431 4362 500 4426 Wis
539 4412 546 4429 .
586 4412 594 4429 .
633 4382 680 4441 es,
706 4361 893 4427 Willelmus
923 4364 1036 4441 Helm,
1066 4363 1240 4428 Michaelis
1270 4363 1387 4441 Melet,
1415 4359 1601 4425 Willelmus
1632 4359 1737 4436 Went,

233 4449 390 4514 Johannis
422 4450 507 4535 Hog,
537 4448 724 4534 Stephanus
754 4449 794 4514 de
826 4450 987 4529 Brsndon,
1019 4450 1149 4515 heredes
1179 4451 1352 4515 Eostacii.
1393 4498 1402 4515 .
1442 4498 1450 4514 .
1488 4497 1523 4527 .,
1554 4447 1735 4511 Willelmus

239 4538 383 4617 hevator,
421 4536 582 4601 Robertus
619 4536 706 4600 lilius
745 4536 846 4611 Petri,
879 4537 978 4623 Hugo
1008 4538 1134 4616 Heved,
1164 4536 1306 4600 Thomas
1335 4536 1460 4614 Heved,
1496 4534 1660 4599 lohannes
1696 4533 1736 4596 de

235 4624 422 4701 Sardelovre,
445 4623 606 4687 Johunnes
637 4624 903 4703 Molendinerius,
934 4624 1111 4689 Umlredue
1141 4624 1271 4703 Semnn‚
1303 4623 1422 4687 Petrus
1452 4621 1606 4700 Cevenna,
1632 4620 1736 4683 Alicie

232 4712 340 4794 Spore,
352 4710 536 4774 Willelmns
551 4710 655 4788 Ivotc,
667 4710 828 4775 Henricus
844 4711 958 4791 Faber,
975 4712 1137 4776 Henricus
1152 4712 1239 4775 filius
1255 4710 1386 4775 Ricardi
1403 4710 1564 4775 Strietene
1581 4704 1728 4795 [tenent]

232 4800 309 4863 duas
327 4802 434 4883 partes
448 4797 473 4883 j.
490 4798 513 4863 f.
529 4818 574 4864 m.
590 4798 632 4862 de
647 4800 768 4861 comite
784 4798 968 4862 Glovemie.

233 4935 463 5084 MStephfinus
486 4934 527 4997 de
552 4934 705 4997 Brendon
729 4937 764 4998 et
790 4938 939 4999 tenentes
962 4937 1013 4999 sui
1038 4940 1153 4999 tenent
1177 4936 1201 5021 j.
1227 4940 1333 5018 quart.
1359 4935 1405 5000 di.
1431 4932 1454 4997 f.
1481 4954 1527 4999 m.
1552 4932 1593 4996 de
1616 4931 1736 4996 comite

270 5041 376 5085 aresce
404 5041 434 5085 o.

275 5160 752 5228 Wmnamrvovora-Almerus
778 5161 818 5225 de
841 5160 998 5225 valencia
1024 5167 1057 5225 et
1084 5161 1245 5225 Robertus
1268 5160 1309 5222 de
1334 5158 1445 5222 Soales
1471 5163 1505 5221 et
1520 5161 1668 5221 tenentes
1684 5156 1734 5218 eui

230 5254 345 5311 tenent
359 5247 385 5332 j.
404 5246 427 5312 f.
444 5246 485 5309 de
500 5247 648 5312 Johanne
664 5249 705 5311 de
720 5248 875 5335 Hasting.

272 5382 730 5449 Pescenniae-willelmus
745 5383 863 5449 Brutin
880 5389 975 5449 tenet
988 5384 1012 5470 j.
1029 5389 1135 5469 quart.
1150 5381 1191 5447 de
1206 5383 1355 5466 episcopo
1370 5380 1515 5446 liciensi.
