4092 6117
865 574 948 641 Au).
975 577 1070 638 lsae.
1655 573 1717 637 257

212 865 304 922 tento
329 861 416 943 apud
442 861 770 925 westmonasterium
795 863 829 924 in
860 863 1025 946 quindena
1058 861 1169 924 Sancti
1201 859 1373 924 Michaelis
1403 861 1520 925 ultimo
1561 861 1718 943 preterita

213 950 365 1024 concessi,
391 967 447 1030 per
471 957 711 1011 sacramentum
729 949 884 1013 Willelmi
902 950 1226 1026 Persona-iohannis
1252 948 1407 1032 Coupere‚
1435 946 1591 1014 Jobannia
1618 949 1716 1024 Reus,

217 1033 370 1097 Willelmi
407 1035 518 1120 Kyng,
557 1035 715 1101 Johanuis
753 1036 941 1120 Claymoud,
973 1037 1133 1120 Stephani
1168 1036 1312 1113 Warner,
1353 1035 1471 1120 Rogeri
1508 1035 1717 1113 Marchauut,

215 1120 372 1186 Johennis
409 1121 595 1206 Billyndon,
635 1123 793 1189 Johannis
830 1123 950 1202 Broun,
982 1123 1106 1186 Thome
1137 1122 1281 1201 Sherlok,
1313 1123 1470 1190 Johannis
1501 1121 1651 1204 Ciaydop,
1682 1130 1717 1185 et

216 1207 370 1271 Willelmi
387 1208 513 1293 Belger,
529 1211 721 1294 juratorum,
739 1212 918 1294 juratorum
944 1212 985 1273 de
1009 1209 1179 1272 hundredo
1194 1211 1235 1272 de
1252 1209 1506 1294 Hegbtresbury‚
1524 1212 1579 1294 qui
1602 1211 1715 1272 dieunt

214 1315 310 1378 super
324 1304 560 1359 sacramentum
582 1317 677 1358 suum
700 1298 785 1382 quod
812 1318 923 1360 omnes
948 1318 1082 1380 persone
1106 1299 1140 1358 in
1155 1299 1219 1359 ista
1232 1299 1448 1383 inquisicione
1463 1299 1628 1360 nominate
1643 1302 1717 1359 sunt

214 1383 326 1444 eeisite
338 1392 372 1446 et
388 1386 634 1465 possessiouate,
652 1392 684 1446 et
702 1405 813 1447 eorum
830 1384 977 1470 quelibet
992 1393 1043 1448 est
1059 1385 1171 1446 seisita
1185 1393 1218 1446 et
1235 1387 1472 1467 possessionata
1498 1385 1538 1446 de
1565 1387 1660 1446 terris
1686 1391 1720 1445 et

213 1473 410 1534 tenementis
432 1473 466 1532 in
490 1472 653 1534 dominico
676 1492 734 1533 suo
749 1477 787 1533 ut
801 1471 841 1533 de
857 1473 957 1534 libero
973 1479 1174 1549 tenemento,
1191 1477 1225 1534 et
1240 1477 1357 1534 tenent
1373 1491 1429 1535 seu
1457 1477 1547 1534 tenet
1574 1471 1670 1533 modo
1685 1483 1719 1532 et

212 1557 315 1619 forma
329 1560 385 1643 qui
400 1567 568 1641 sequntur,
585 1559 750 1636 videlicet,
767 1560 853 1641 quod
867 1585 920 1626 :-

258 1725 422 1792 Walterus
436 1727 655 1812 Hungerford‚
671 1726 823 1808 chivaler,
838 1730 990 1793 dominus
1017 1717 1241 1814 Hungerford,
1255 1735 1349 1792 tenet
1371 1728 1564 1790 immediate
1589 1727 1630 1789 de
1645 1747 1720 1810 rege

214 1816 397 1878 manerium
411 1817 452 1880 de
469 1817 754 1895 Hadaranermar,
771 1837 898 1901 perun.
914 1816 938 1881 f.
954 1838 1000 1881 m.
1018 1818 1183 1902 quondam
1199 1818 1336 1880 Walteri
1352 1817 1393 1878 de
1410 1814 1605 1878 Dunstavill.

258 1951 416 2017 Rieardus
440 1954 621 2038 Ponynges,
648 1953 798 2032 chivaler,
814 1959 908 2019 tenet
934 1956 1128 2018 immediate
1153 1958 1240 2017 oerta
1263 1959 1365 2016 terras
1387 1959 1421 2016 et
1443 1959 1642 2028 tenementa,
1659 1973 1721 2037 que

215 2040 378 2124 quondam
403 2041 540 2104 fuerunt
566 2041 719 2104 heredum
744 2041 902 2106 iohannis
932 2042 1060 2120 Houke,
1088 2043 1122 2103 iu
1156 2043 1352 2107 Onouusrou
1382 2039 1423 2102 de
1450 2037 1622 2102 heredibus
1649 2041 1721 2102 Elis

215 2126 352 2204 (iiffard,
369 2148 428 2211 per
442 2134 592 2212 quartam
608 2140 734 2211 partem
750 2150 805 2192 un.
821 2129 845 2193 f.
863 2151 908 2193 m.

257 2263 417 2332 Robertus
445 2265 657 2349 Mounpisson
681 2272 771 2328 tenet
797 2265 988 2328 immediate
1013 2271 1102 2328 certa
1129 2270 1228 2327 terras
1251 2270 1283 2327 et
1310 2269 1507 2340 tenementa,
1535 2283 1597 2346 que
1621 2284 1723 2346 nuper

214 2351 348 2414 suerunt
372 2351 531 2417 iohannis
555 2353 593 2414 de
619 2351 797 2429 Bokelond,
823 2353 857 2415 in
882 2353 1096 2429 Bauaurnou
1112 2373 1170 2434 per
1194 2361 1342 2436 quartem
1367 2355 1493 2433 partem
1510 2371 1563 2414 un.
1581 2351 1602 2413 f.
1620 2373 1664 2416 m.
1682 2351 1722 2413 de

214 2438 361 2504 Johaune
376 2438 511 2516 Fastolf,
528 2438 681 2515 ehiraler,
699 2446 736 2502 ut
750 2440 790 2502 de
807 2442 952 2502 manerio
969 2460 1026 2502 suo
1041 2440 1082 2502 de
1100 2439 1331 2504 Castelcombe.

260 2575 354 2638 Idem
380 2575 543 2639 Rohertus
566 2583 659 2638 tenet
684 2576 866 2639 inmediate
890 2584 978 2639 serta
1002 2584 1107 2639 terras
1131 2584 1166 2638 et
1181 2582 1380 2653 tenementa,
1399 2594 1459 2660 que
1473 2593 1577 2659 nuper
1592 2575 1724 2638 hrerunt

215 2661 366 2726 Nicholai
381 2662 536 2727 Lembert
558 2671 593 2726 et
614 2663 747 2745 Roherti
763 2665 802 2729 de
818 2661 991 2746 Depeiord,
1011 2665 1045 2725 in
1063 2665 1255 2740 Dssssouo,
1271 2684 1327 2746 per
1356 2664 1401 2727 di.
1419 2663 1441 2727 f.
1458 2683 1503 2728 m.
1519 2662 1561 2727 de
1576 2663 1723 2728 Johanne

99 2844 104 2850 .
216 2749 351 2829 Fastolf,
369 2747 520 2813 ohivaler.

246 2847 455 2951 'Edmundus
492 2885 634 2971 Cheyny,
664 2888 849 2954 Willelmue
886 2887 916 2950 le
954 2889 1094 2967 Zouche,
1120 2887 1274 2966 ehivaler,
1305 2894 1339 2950 et
1370 2885 1533 2954 iohannes
1569 2885 1724 2964 Ohideolr,

217 2974 372 3052 ohivaler,
387 2982 503 3037 tenent
517 2976 709 3038 immediate
725 2975 766 3037 de
780 2997 856 3060 rege
871 2978 958 3038 certa
980 2982 1083 3040 terras
1110 2981 1145 3038 et
1167 2981 1366 3048 tenementa,
1382 2996 1445 3058 que
1469 2994 1572 3058 nuper
1594 2974 1726 3038 hrenmt

217 3062 355 3128 Walteri
370 3063 409 3126 de
424 3062 557 3145 Paveiy,
571 3065 604 3124 in
623 3063 769 3141 quena,
786 3083 843 3146 per
857 3062 903 3126 di.
920 3063 944 3128 f.
961 3084 1005 3128 m.
1124 3059 1125 3064 ’

260 3199 400 3263 Briareus
426 3197 600 3281 Stapulton
626 3204 720 3261 tenet
743 3200 937 3262 immediate
962 3201 994 3262 in
1024 3199 1204 3266 Consroan
1230 3205 1319 3262 oerta
1341 3203 1443 3262 terras
1466 3203 1500 3261 et
1525 3204 1724 3278 tenementa,

215 3307 408 3438 qpefnlqper
432 3287 566 3349 inerunt
587 3287 744 3350 iohannis
759 3286 922 3350 Roberdes
945 3289 979 3349 in
998 3284 1168 3364 Codeford‚
1185 3285 1228 3350 de
1244 3284 1415 3349 heredibus
1430 3284 1501 3349 Elie
1522 3285 1647 3349 Giffard
1670 3307 1727 3370 per

258 3500 415 3564 Ricardns
440 3497 620 3582 Ponynges,
648 3497 800 3577 ehivaler‚
828 3506 921 3562 tenet
948 3499 1143 3564 immediate
1171 3507 1261 3563 certa
1284 3506 1387 3562 terras
1415 3503 1449 3562 et
1479 3504 1666 3563 tenementa
1691 3503 1725 3563 iu

216 3589 404 3666 Connnoau,
420 3607 482 3670 que
498 3607 603 3668 nuper
618 3585 749 3649 suerunt
766 3587 914 3651 Mauricii
933 3587 972 3650 de
992 3586 1159 3670 Berkeley,
1176 3586 1216 3649 de
1238 3585 1409 3650 heredibus
1432 3586 1504 3650 Elia
1527 3586 1652 3650 Giffard
1669 3607 1727 3670 per

216 3683 364 3760 quartam
378 3683 506 3758 partem
521 3694 577 3737 un.
594 3675 617 3734 f.
634 3695 679 3737 m.

261 3813 424 3878 Walterus
460 3809 682 3893 Huugerford,
719 3809 870 3889 chivaler,
900 3811 1053 3874 domiuus
1089 3810 1310 3895 Hungerford,
1350 3815 1438 3872 tenet
1476 3811 1652 3873 inmediate
1690 3813 1724 3874 in

218 3901 396 3966 Couusoao
411 3904 500 3961 oerta
515 3905 616 3958 terras
630 3906 664 3959 et
680 3903 877 3975 tenemento,
894 3919 956 3983 que
980 3919 1083 3982 nuper
1106 3899 1241 3961 fuerunt
1268 3897 1425 3962 Johannis
1440 3898 1481 3960 de
1496 3897 1675 3983 langeford
1692 3905 1724 3961 et

218 3986 354 4052 imbelle
369 3987 478 4047 uxoris
493 3985 575 4069 ejus,
591 3985 631 4047 de
647 3982 821 4048 heredibus
836 3985 957 4070 Rogeri
973 3985 1128 4062 Bernerd,
1144 4006 1199 4069 per
1215 3991 1365 4067 quartam
1380 3990 1508 4067 partem
1524 4005 1579 4049 un.
1596 3985 1617 4046 f.
1635 4006 1680 4050 m.

262 4123 421 4186 Dominus
457 4121 498 4184 de
527 4119 682 4202 Audeley,
714 4120 867 4184 dominus
903 4122 1030 4200 Talbot,
1073 4128 1107 4187 et
1144 4122 1278 4186 heredes
1315 4120 1438 4183 Thome
1473 4119 1569 4198 Huls,
1608 4124 1723 4184 tenent

217 4211 412 4278 immediate
435 4216 522 4272 certa
545 4214 646 4272 terras
669 4214 705 4270 et
728 4213 917 4272 tenementa
939 4211 974 4272 in
997 4213 1163 4290 Asseros,
1179 4231 1241 4294 que
1257 4229 1359 4292 nuper
1380 4207 1513 4270 firerunt
1539 4207 1666 4270 Griffini
1684 4207 1725 4270 de

219 4302 284 4364 Lee
299 4304 334 4362 et
348 4297 497 4374 aliorum,
512 4295 551 4358 de
568 4291 744 4358 heredibus
760 4295 919 4360 Johannis
934 4297 1140 4362 Mautravers
1155 4318 1211 4382 per
1225 4299 1271 4362 di.
1288 4296 1311 4362 f.
1328 4317 1375 4361 m.

261 4433 419 4508 Riuardus
441 4432 621 4516 Ponynges,
646 4430 799 4508 ehivaler,
825 4439 860 4494 et
887 4434 1038 4497 Alienora
1067 4455 1145 4499 uxor
1172 4436 1242 4520 ejus
1274 4438 1388 4496 tenent
1416 4431 1608 4494 immediate
1638 4439 1724 4495 oerta

218 4533 317 4591 terras
354 4525 388 4586 et
424 4525 623 4596 tenementa‚
662 4540 725 4601 que
762 4539 866 4602 nuper
903 4520 1037 4585 fuerunt
1074 4524 1204 4585 comitis
1241 4521 1415 4597 Warenne,
1454 4520 1487 4580 in
1526 4519 1659 4584 Bornos
1691 4528 1724 4582 et-

221 4616 449 4685 Coarruorou,
465 4607 505 4671 de
517 4605 692 4669 heredibus
708 4605 781 4669 Elis
798 4606 936 4685 Giffard,
949 4631 1007 4692 per
1022 4630 1079 4674 un.
1096 4607 1119 4674 f.
1136 4631 1180 4675 m.

262 4739 448 4805 Willelmus
473 4736 596 4815 Lovell‚
619 4737 772 4814 ohivaler‚
796 4745 892 4802 tenet
915 4741 1107 4805 immediate
1132 4747 1220 4805 certa
1246 4747 1350 4804 terras
1373 4743 1409 4803 et
1437 4745 1637 4815 tenementa‚
1662 4760 1724 4824 que

133 4912 139 4922 ι
221 4849 325 4914 nuper
337 4828 471 4890 fuerunt
486 4825 644 4890 iohannis
660 4825 701 4888 de
716 4825 843 4904 Scures,
858 4828 893 4888 in
910 4829 1047 4909 [Terror
1065 4829 1103 4892 de
1118 4829 1282 4892 abbatissa
1297 4827 1465 4906 Wiltonie,
1487 4847 1544 4909 pro
1559 4826 1602 4889 di.
1619 4829 1641 4891 f.
1657 4847 1703 4891 m.

263 4965 449 5035 Willelmus
474 4961 597 5039 Loveli,
622 4959 775 5039 ebivaler‚
800 4968 893 5026 tenet
917 4964 1109 5029 immediate
1134 4971 1221 5028 certa
1246 4970 1347 5028 terras
1376 4971 1409 5028 et
1438 4967 1633 5042 tenementa,
1663 4983 1726 5046 que

221 5075 324 5139 nuper
347 5053 481 5115 fuerunt
504 5049 677 5111 Laureneii
703 5051 742 5112 de
768 5049 889 5113 Sancto
915 5050 1074 5129 Martino,
1099 5055 1134 5114 in
1164 5053 1294 5129 Kaous,
1327 5051 1366 5114 de
1395 5049 1567 5114 heredibus
1597 5053 1727 5112 comitis

222 5139 436 5217 Glaucestrie,
450 5155 508 5219 per
521 5141 672 5216 quartam
689 5143 814 5220 partem
831 5158 886 5200 uu.
900 5137 923 5201 f.
940 5160 984 5204 m.

265 5273 480 5348 Humfredus‚
494 5291 603 5334 comes
618 5268 802 5351 Staffordie,
819 5278 911 5338 tenet
938 5274 1132 5338 immediate
1158 5283 1247 5338 certa
1272 5281 1373 5337 terras
1400 5281 1432 5334 et
1450 5274 1649 5350 tenementa‚
1665 5287 1728 5352 que

223 5380 323 5446 unper
339 5363 471 5424 inerunt
485 5357 616 5421 comitis
631 5357 833 5424 Gloueestrie
847 5363 880 5423 in
897 5361 1026 5440 Kaous,
1040 5362 1080 5425 de
1096 5381 1185 5452 rege,
1200 5383 1257 5450 per
1272 5366 1420 5444 quartam
1438 5363 1563 5444 partem
1579 5377 1635 5422 un.
1645 5355 1669 5422 f.
1682 5375 1727 5422 m.

287 5496 349 5547 east
1636 5492 1659 5550 Ii
