4092 6117
924 569 1007 636 A.D.
1033 572 1127 636 1428.
1709 573 1771 640 247

268 859 419 938 concemi
433 880 494 942 per
517 864 757 924 sserementum
782 859 905 925 Thome
928 857 1137 938 Oreklrelede,
1162 857 1322 924 Johennis
1345 861 1482 931 iustine,
1498 859 1629 926 Roberti
1646 859 1770 940 chde,

267 946 425 1010 Johannis
449 947 634 1031 Quynteyn,
659 947 815 1012 Wiiieimi
840 947 935 1031 Lery,
952 947 1069 1032 cheri
1096 948 1244 1025 Goiston,
1260 948 1419 1013 Johennis
1433 947 1604 1032 Weylond,
1620 947 1769 1033 junioris,

268 1034 423 1098 Willelmi
438 1034 687 1118 Wyehampron,
709 1034 865 1098 Wiltelmi
879 1033 1072 1120 Stephenes,
1088 1035 1208 1119 Rpgeri
1224 1035 1442 1120 Wolmongcr,
1467 1035 1614 1120 Philippi
1630 1033 1769 1112 Vooche,

268 1131 302 1185 et
327 1121 486 1185 Wiilelmi
510 1120 673 1201 Okebnrn,
697 1123 890 1207 juratorum,
916 1122 1098 1208 juratorum
1121 1123 1163 1185 de
1191 1122 1361 1186 hundredo
1387 1123 1429 1186 de
1454 1121 1563 1200 Calue,
1581 1123 1637 1209 qui
1652 1122 1769 1186 dicunt

266 1229 360 1293 super
374 1214 613 1272 sacramentnm
628 1231 723 1274 suum
738 1211 823 1293 qnod
839 1230 951 1273 omnes
978 1229 1112 1293 persone
1127 1209 1161 1272 in
1188 1210 1251 1272 iste
1265 1209 1481 1294 inquisicionc
1497 1211 1673 1286 nominate,
1691 1217 1769 1272 sunt

265 1298 375 1362 seisite
400 1301 435 1360 et
459 1298 692 1379 possessionete
715 1304 750 1361 et
772 1317 883 1361 eorum
906 1296 1048 1383 quelibet
1076 1301 1125 1360 est
1141 1296 1255 1360 seisita
1269 1303 1305 1360 et
1321 1297 1554 1382 possessionets
1567 1298 1609 1360 de
1625 1298 1718 1360 terris
1733 1303 1769 1360 et

267 1384 462 1449 tenementis
476 1387 511 1447 in
527 1384 691 1449 deminico
706 1405 766 1448 suo
781 1390 820 1448 nt
833 1385 875 1448 de
890 1384 993 1448 libero
1009 1389 1209 1462 tenemento,
1225 1389 1259 1447 et
1283 1387 1400 1447 tenent
1425 1404 1482 1448 sen
1508 1389 1597 1448 tenet
1622 1381 1716 1448 modo
1734 1391 1770 1447 et

269 1473 371 1536 forme
385 1471 444 1555 qni
458 1478 624 1556 sequntur,
642 1472 805 1550 videlicet,
819 1472 906 1555 quod
915 1495 969 1536 :-

309 1651 479 1738 Georgens
496 1658 564 1736 (ric)
582 1657 717 1740 Westby
732 1663 826 1721 tenet
851 1658 1043 1736 inmediete‚
1068 1657 1109 1722 de
1133 1678 1197 1744 quo
1215 1658 1265 1722 vei
1289 1659 1329 1722 de
1355 1658 1471 1744 quibus
1493 1659 1656 1744 ignorant,
1681 1663 1769 1722 certe

268 1743 366 1803 terres
388 1746 423 1805 et
446 1747 639 1809 tenemente
663 1746 698 1809 in
714 1746 919 1824 Ysrnssunv,
935 1765 998 1830 que
1022 1765 1127 1829 nuper
1152 1745 1285 1810 suerunt
1311 1745 1488 1810 ledevini
1503 1746 1544 1810 de
1562 1745 1709 1829 Frevylle
1735 1756 1770 1808 et

268 1825 429 1891 Gnidouis
444 1828 562 1914 Bryen,
579 1852 636 1914 per
649 1834 821 1897 servicium
835 1833 881 1900 di.
898 1833 921 1899 f.
938 1854 982 1899 m.

309 1972 493 2040 Wilielmus
509 1973 648 2059 Erneley
662 1979 755 2039 tenet
770 1977 960 2055 inmediete,
976 1975 1015 2040 de
1029 1997 1094 2061 qno
1109 1975 1162 2040 vel
1177 1967 1218 2041 de
1239 1976 1359 2058 quibus
1381 1978 1541 2062 ignorent,
1558 1981 1646 2042 certa
1668 1979 1770 2041 terres

265 2065 514 2215 pltntpnglmente
540 2063 575 2126 in
591 2063 796 2143 annsnusv,
811 2083 876 2147 que
899 2082 1004 2147 nuper
1028 2063 1161 2128 fuerunt
1186 2064 1323 2149 Agnetis
1350 2063 1492 2144 Burdon,
1517 2084 1574 2148 per
1599 2065 1770 2130 servicium

305 2282 429 2348 Ediths
474 2285 582 2369 Beilly
619 2293 711 2351 tenet
754 2287 934 2352 inmediete
972 2287 1013 2350 de
1051 2288 1217 2352 comitisse
1255 2287 1436 2352 Serisburie
1473 2291 1564 2351 certe
1600 2295 1703 2353 terres
1738 2294 1771 2352 et

266 2378 452 2436 tenements
465 2374 501 2436 in
515 2373 721 2453 stnsnunv,
737 2395 798 2458 que
824 2395 929 2458 nuper
954 2374 1090 2439 fuerunt
1116 2376 1227 2440 vicarii
1253 2374 1296 2439 de
1319 2373 1510 2458 Ystesbury,
1527 2395 1584 2458 per
1599 2377 1771 2440 servicium

266 2463 381 2542 querte
395 2461 498 2543 pertis
512 2481 568 2526 un.
585 2461 609 2526 f.
626 2482 672 2527 m.

306 2596 491 2664 Willeimus
507 2597 670 2661 Botreeur
685 2604 775 2662 tenet
790 2598 980 2678 inmediste,
997 2599 1038 2663 de
1052 2620 1116 2685 quo
1131 2599 1181 2663 vel
1197 2599 1236 2663 de
1252 2599 1369 2684 quibus
1384 2599 1548 2684 ignorent,
1568 2606 1657 2664 certe
1673 2605 1772 2665 terres

263 2688 502 2837 {tltesnelrlnente
516 2685 552 2749 in
566 2685 773 2766 Ynnnssunv,
789 2707 853 2770 que
879 2707 982 2770 nuper
1007 2685 1141 2751 suerunt
1165 2687 1300 2750 Henrici
1325 2684 1501 2766 Herchsm,
1526 2707 1583 2771 per
1598 2687 1771 2752 servicium

305 2909 478 2988 Henricus‚
508 2910 679 2992 episcopus
708 2909 961 2994 Csntnericnsis,
991 2917 1027 2974 et
1055 2912 1154 2974 ceteri
1185 2910 1372 2974 feoffetcres
1401 2910 1540 2974 ducatus
1570 2912 1769 2992 lancastrie,

261 3002 377 3060 tenent
403 2995 583 3060 inmediete
606 2995 647 3059 de
673 2997 822 3061 Johsnne
846 2996 984 3074 Fssrolt
997 3005 1037 3061 ut
1062 2996 1103 3060 de
1129 2999 1271 3060 manerio
1294 3017 1351 3060 suc
1373 2997 1414 3061 de
1432 2996 1667 3076 Cesteicombe‚
1683 3008 1771 3065 certe

260 3090 362 3149 terres
376 3091 411 3147 et
426 3089 614 3148 tenemente
628 3085 663 3146 in
681 3084 837 3152 Coumorv
852 3085 990 3163 Essem,
1006 3105 1068 3169 qne
1083 3104 1187 3168 nuper
1201 3083 1335 3148 inerunt
1351 3085 1498 3164 isabelle,
1515 3087 1630 3168 regine
1640 3087 1769 3173 Anglie,

263 3193 319 3256 per
332 3172 507 3236 servicium
520 3191 575 3236 un.
591 3171 614 3235 f.
631 3193 677 3238 m.

302 3321 468 3386 Johsnnes
482 3320 606 3386 Blount
621 3328 713 3386 tenet
739 3320 921 3386 inmediete
949 3321 989 3386 de
1014 3320 1165 3386 Johenne
1193 3320 1324 3385 Festolf
1345 3327 1382 3384 ut
1407 3322 1446 3384 de
1473 3325 1620 3387 manerio
1644 3345 1702 3388 suo
1727 3325 1768 3389 de

262 3409 482 3474 Custelccmbe
508 3414 596 3473 certe
619 3416 721 3473 terres
744 3416 779 3474 et
804 3416 991 3473 tenementn
1016 3410 1051 3472 in
1079 3409 1235 3477 Couevorv
1260 3409 1399 3487 Essene,
1415 3429 1479 3492 que
1505 3431 1611 3493 nuper
1635 3411 1766 3476 inerunt

263 3497 381 3582 Rogeri
395 3497 435 3560 de
450 3496 577 3580 Berley,
591 3518 651 3580 per
666 3498 839 3561 servicium
855 3497 900 3560 di.
917 3495 942 3562 f.
959 3493 1004 3563 m.

303 3651 466 3715 Johsnnes
481 3647 630 3717 Wroiton
656 3653 749 3713 tenet
771 3648 951 3712 inmediate
978 3649 1018 3710 de
1034 3630 1179 3715 Walterc
1196 3645 1414 3731 Beeuchemp,
1432 3649 1550 3728 milite,
1567 3657 1655 3713 certe
1670 3663 1767 3716 terres

260 3742 505 3890 {itiniinema
519 3737 554 3799 in
570 3735 846 3815 annnsssnosu,
861 3757 927 3820 quc
941 3754 1047 3818 nuper
1061 3735 1193 3799 fuerunt
1208 3734 1228 3798 J
1230 3731 1370 3798 ohannis
1386 3733 1509 3799 Blount
1524 3756 1581 3818 per
1595 3739 1766 3802 servicium

302 3962 486 4032 Willelmus
501 3960 660 4044 Moleyus,
677 3957 830 4037 chivsler,
846 3964 942 4024 tenet
966 3960 1155 4040 inmediete,
1173 3960 1214 4023 de
1238 3980 1302 4046 quo
1317 3959 1367 4023 vel
1392 3961 1433 4023 de
1460 3959 1579 4046 quibus
1601 3962 1766 4045 ignorent,

259 4057 481 4202 Zitvieiiinnff}
501 4059 536 4202 eft
547 4053 748 4202 11t1enementrr
770 4049 805 4110 iu
821 4048 1005 4126 Wuvsnnn
1020 4069 1083 4133 que
1108 4069 1212 4131 nuper
1234 4049 1369 4110 fuerunt
1396 4047 1498 4110 Alicie
1521 4047 1692 4133 Meuduyt,
1709 4070 1767 4134 per

304 4289 419 4354 Comes
441 4289 607 4357 Warrvici
632 4293 725 4353 tenet
751 4287 930 4352 inmediete
957 4287 997 4352 de
1028 4308 1104 4373 rege
1127 4289 1181 4353 i.c.
1205 4292 1293 4350 certe
1322 4291 1424 4352 terres
1452 4292 1488 4351 et
1512 4293 1705 4353 tenements
1730 4291 1765 4352 in

261 4378 449 4457 crearem,
465 4396 529 4465 que
543 4397 647 4461 nuper
661 4377 794 4441 fuerunt
809 4376 940 4440 comitis
955 4375 1131 4456 Warrvvici,
1148 4395 1204 4460 per
1218 4375 1391 4439 servicium
1407 4396 1462 4440 nn.
1479 4373 1503 4441 f.
1519 4396 1566 4442 m.

302 4529 498 4609 willelmus,
515 4529 667 4594 dominus
681 4527 714 4592 ln
728 4527 849 4608 Zouch,
865 4532 955 4592 tenet
969 4527 1151 4592 inmediete
1166 4527 1207 4590 de
1229 4526 1361 4590 domino
1385 4547 1459 4612 rege
1484 4528 1537 4593 i.c.
1555 4533 1644 4592 certe
1667 4533 1766 4593 terres

261 4625 307 4773 gt·
321 4625 511 4772 {enemente
534 4619 569 4680 in
594 4617 754 4698 Gmsrorv,
781 4636 844 4705 qne
868 4634 975 4698 nuper
998 4616 1132 4680 fuerunt
1154 4613 1315 4684 Willelmi
1330 4613 1361 4676 la
1376 4613 1495 4692 Zouch,
1511 4635 1569 4698 per
1592 4616 1766 4680 servicium

306 4841 445 4908 Thomas
462 4841 660 4922 Beeumond‚
676 4840 829 4920 chivnler,
855 4844 948 4903 tenet
974 4838 1013 4904 de
1039 4837 1118 4904 duce
1142 4839 1358 4916 Gloucestrie‚
1385 4825 1429 4902 ut¹
1445 4838 1487 4901 de
1511 4844 1618 4902 cestro
1645 4859 1702 4902 sno
1726 4841 1767 4904 de

262 4929 414 5014 Devyses,
429 4934 521 4995 certe
543 4933 647 4993 terres
670 4934 704 4992 et
730 4931 918 4991 tenements
942 4927 977 4991 in
1003 4927 1162 5008 oneror,
1175 4947 1239 5011 que
1264 4945 1370 5008 nnper
1392 4925 1527 4988 inerunt
1552 4923 1711 4989 Johennis
1726 4928 1767 4990 de

263 5015 403 5098 (leuton,
419 5037 478 5102 per
492 5016 664 5082 servicium
678 5014 725 5080 di.
742 5013 765 5082 t'.
782 5035 828 5082 m.

305 5170 471 5234 Gnlfridus
502 5167 669 5233 Custerton
708 5171 802 5231 tenet
830 5165 1008 5229 inmedinte
1039 5165 1080 5231 de
1116 5167 1237 5229 comite
1275 5162 1454 5227 Serisburie
1484 5167 1573 5225 certe
1602 5165 1705 5226 terres
1734 5168 1768 5227 et

262 5263 448 5322 tenemente
462 5259 497 5320 in
513 5257 727 5334 Bussenovn,
739 5275 801 5340 que
816 5273 919 5337 nuper
934 5253 1068 5316 fuerunt
1085 5252 1212 5317 abbatis
1228 5249 1269 5314 de
1286 5247 1508 5330 Mnlmesbury
1520 5255 1553 5312 et
1569 5247 1713 5313 GeIfridi
1729 5249 1768 5312 de

262 5343 439 5424 Custerton,
456 5364 515 5427 per
530 5345 702 5407 servicium
720 5347 837 5428 quarte
850 5342 952 5425 pertis
966 5355 1022 5404 un.
1037 5341 1061 5404 f.
1079 5361 1123 5405 m.
