4092 6117
294 585 358 648 262
909 571 1180 648 uquerRE.

342 875 482 938 Heredes
519 875 679 940 Johanuia
715 875 922 939 Mavrevvard
960 879 1077 939 tenent
1115 875 1304 952 inmeditate,
1336 875 1375 936 de
1413 895 1475 957 quo
1514 875 1564 936 vel
1603 871 1643 934 de
1681 869 1799 956 quihus

296 964 456 1043 ignorant,
483 972 572 1026 certa
596 975 696 1026 terras
721 971 758 1026 et
782 968 973 1026 tenementa
998 965 1032 1024 iu
1058 963 1225 1039 Parmos,
1250 982 1313 1046 que
1343 981 1447 1044 nuper
1476 961 1610 1025 fuerunt
1639 960 1798 1026 iohannis

297 1049 515 1128 Mawreward,
533 1072 589 1134 per
605 1052 780 1114 servicium
795 1056 908 1113 octavc
923 1052 1027 1134 partis
1042 1069 1099 1113 un.
1116 1050 1139 1113 f.
1156 1070 1200 1113 m.

342 1210 499 1276 Robertus
513 1214 648 1276 Andrevv
662 1221 755 1276 tenet
769 1213 959 1292 inmediate,
976 1213 1017 1275 de
1045 1233 1108 1295 quo
1129 1211 1183 1274 vel
1211 1212 1249 1274 de
1276 1211 1393 1296 quibus
1417 1212 1578 1293 ignorant,
1594 1215 1683 1274 certa
1696 1221 1800 1274 terras

298 1313 332 1362 et
356 1307 547 1362 tenementa
570 1303 605 1362 in
633 1301 877 1377 Quaesumus,
894 1321 957 1384 que
983 1320 1087 1382 nuper
1113 1299 1248 1362 fuerunt
1272 1297 1395 1362 Thome
1410 1299 1449 1361 de
1465 1298 1584 1362 Sancto
1599 1299 1725 1376 Mauro,
1742 1319 1799 1382 per

298 1388 468 1449 servicium
486 1394 600 1470 quarte
615 1390 718 1470 partia
734 1408 788 1451 un.
805 1388 828 1452 f.
844 1408 890 1452 m.

341 1550 503 1617 Johannes
518 1551 734 1614 Shotesbrook
749 1560 841 1614 tenet
855 1551 1033 1614 inmediate
1048 1548 1089 1613 de
1104 1549 1221 1612 abbate
1236 1549 1277 1612 de
1293 1548 1515 1632 Malmesbury
1531 1555 1622 1612 certa
1647 1555 1748 1612 terras
1764 1557 1799 1613 et

232 1713 234 1717 .
297 1644 485 1702 tenemento
499 1640 534 1702 in
550 1640 716 1717 Purrrrou,
734 1659 797 1723 que
811 1660 916 1722 nuper
931 1639 1065 1701 fuerunt
1080 1637 1205 1700 Thome
1221 1636 1385 1716 Walrand,
1402 1657 1457 1720 per
1473 1638 1643 1700 servicium
1660 1636 1704 1701 di.
1715 1638 1738 1703 f.
1750 1659 1795 1702 m.

342 1803 446 1864 Abbas
472 1802 512 1863 de
537 1803 756 1884 Malmesbury
782 1808 871 1865 tenet
896 1801 1086 1878 inmediatc,
1112 1801 1152 1864 de
1177 1821 1239 1885 quo
1257 1801 1306 1864 vel
1321 1799 1360 1864 de
1385 1801 1502 1886 quibus
1527 1801 1691 1882 ignorant,
1709 1813 1798 1864 certa

297 1899 398 1952 terras
412 1898 446 1951 et
460 1901 646 1953 tenementa
660 1893 694 1952 in
712 1891 866 1955 Puarrorv
883 1891 916 1950 in
940 1910 1054 1972 puram
1078 1887 1298 1966 elemosinam,
1314 1910 1370 1971 pro
1394 1889 1512 1971 quibus
1536 1886 1632 1950 solvit
1658 1889 1798 1950 decimes

297 1978 426 2060 quaudo
440 1979 564 2040 decime
580 1984 725 2041 currunt.

341 2140 465 2204 Dicunt
479 2144 581 2205 eciam
596 2143 736 2225 predicti
750 2145 922 2229 juratores,
936 2142 1021 2226 quod
1039 2142 1128 2204 nulle
1144 2147 1221 2203 aunt
1236 2141 1299 2203 alie
1315 2161 1449 2223 persone
1465 2143 1531 2203 sive
1548 2147 1698 2204 tenentes
1713 2141 1798 2203 infra

296 2227 501 2291 hundredum
525 2231 706 2312 predictum
722 2233 834 2293 scisite
856 2231 891 2292 in
907 2230 1070 2292 dominico
1085 2248 1144 2292 suo
1163 2229 1353 2293 inmediatc.
1372 2233 1410 2290 ut
1425 2228 1464 2291 dc
1481 2227 1581 2290 libero
1597 2235 1796 2302 tenemento,

297 2317 399 2380 under
413 2316 511 2379 iidem
527 2337 661 2399 persone
685 2319 752 2380 sive
775 2326 927 2381 tenentes
952 2318 1189 2399 possessiouate
1211 2316 1368 2394 existunt,
1394 2317 1450 2398 qui
1475 2323 1591 2378 tenent
1619 2315 1797 2379 inmediate

297 2425 352 2486 per
365 2405 533 2487 integrum
548 2403 679 2467 feodum
695 2404 1066 2483 militis,medictatem‚
1082 2403 1218 2466 terciam
1236 2404 1287 2464 vel
1312 2410 1460 2487 quartam
1488 2409 1612 2484 partem
1640 2422 1695 2466 un.
1712 2403 1734 2466 f.
1751 2423 1796 2467 m.
1892 2461 1898 2476 ,

296 2492 463 2556 inclusive.

339 2627 378 2689 In
394 2628 488 2713 cujus
502 2629 549 2691 rei
563 2629 792 2692 testimouium
811 2632 873 2692 etc.

576 3019 580 3027 ,
697 2947 918 3012 Huncin-:nun
941 2969 985 3012 ns
1008 2945 1393 3012 KYNWARDESTON.

342 3105 523 3190 Inquiaioio
550 3110 647 3188 capta
671 3107 760 3189 apud
789 3107 1011 3191 Marleburgh,
1042 3107 1096 3170 die
1130 3107 1220 3168 Lune
1251 3108 1400 3189 proximo
1429 3113 1503 3188 post
1533 3105 1652 3169 festum
1684 3105 1797 3170 Sancti

298 3194 441 3256 Baruahe
458 3193 615 3276 Apostoli,
631 3213 716 3256 anno
743 3196 835 3277 regni
860 3195 946 3278 regis
973 3195 1107 3257 Hernici
1134 3196 1216 3256 sexti
1244 3205 1317 3274 post
1339 3199 1551 3275 conquestum
1567 3203 1668 3270 sexto,
1685 3215 1794 3256 coram

295 3279 443 3342 Johanne
467 3281 568 3363 Payn,
590 3281 732 3343 lieberto
755 3281 864 3364 Erley,
896 3281 1044 3344 Johanne
1076 3281 1210 3363 Sturmy
1233 3282 1273 3342 de
1296 3280 1449 3356 Axeford,
1471 3279 1619 3342 Johanue
1642 3280 1730 3362 Bryd
1752 3282 1794 3344 dc

296 3368 514 3449 hlarleburgh,
535 3367 674 3430 Heurico
689 3368 860 3450 Bradeley,
875 3368 1024 3432 Johanne
1041 3369 1175 3452 Sturmy
1192 3369 1231 3430 de
1248 3367 1504 3443 Vl'acheuesleld,
1519 3367 1668 3430 Johanue
1692 3367 1795 3450 Buye‚

297 3455 461 3517 Willelmo
478 3454 561 3517 bord
576 3453 617 3517 de
632 3455 722 3517 Nova
737 3455 931 3532 Sarisburia,
947 3463 981 3518 et
998 3455 1147 3518 lohanne
1165 3455 1348 3518 llounrsort
1362 3455 1402 3518 de
1421 3457 1484 3537 lrye
1498 3455 1593 3539 juxta
1608 3455 1791 3539 Westhury,

294 3541 521 3604 collectoribus
536 3541 672 3604 subsidii
687 3543 812 3605 domiui
828 3545 964 3626 regiain
980 3547 1140 3605 comitatu
1158 3543 1273 3604 Wiltes
1289 3545 1323 3604 in
1351 3542 1469 3603 ultimo
1496 3541 1710 3624 parliamento
1737 3563 1792 3604 suo

294 3630 380 3711 apud
407 3628 732 3691 westmonasterium
764 3632 798 3693 iu
830 3631 994 3714 quindena
1026 3631 1139 3692 Sancti
1167 3629 1336 3692 Michaelis
1365 3630 1483 3692 ultimo
1514 3630 1669 3711 preterita
1700 3637 1791 3691 teuto

294 3718 448 3792 concessi,
464 3737 518 3798 per
534 3722 773 3779 sacramentum
789 3718 919 3780 Ricardi
936 3717 1094 3793 Sotervell,
1111 3715 1234 3779 Thome
1262 3715 1384 3790 Brona,
1403 3715 1563 3781 Johannis
1591 3717 1792 3800 Hoppegras,

294 3803 452 3867 Johauuis
491 3802 638 3884 Gyffard,
674 3805 830 3868 Willelmi
860 3806 1056 3886 Aasherypg,
1086 3801 1245 3871 Johannis
1283 3803 1449 3880 Newman,
1484 3803 1646 3866 lidmuudi
1686 3801 1792 3878 Clerk,

297 3890 450 3951 Willelmi
469 3890 580 3967 Odam‚
593 3891 742 3974 Hugonis
759 3892 788 3952 N
791 3912 924 3968 caman,
938 3893 959 3956 J
961 3893 1098 3954 ohannis
1113 3891 1266 3969 Randoll,
1278 3890 1435 3952 Willelmi
1451 3889 1560 3973 Perys,
1576 3899 1607 3952 et
1627 3889 1791 3972 lladulphi

295 3977 465 4053 Hurlebat,
492 3978 685 4060 juratorum,
698 3976 882 4061 juratorum
905 3979 945 4042 de
969 3978 1139 4040 hundredo
1153 3978 1193 4040 de
1210 3977 1475 4060 Kynwardeston,
1494 3979 1550 4062 qui
1565 3979 1681 4039 dicunt
1697 3998 1791 4060 super

293 4070 529 4126 sacramentum
546 4084 641 4126 suurn
656 4065 742 4148 quod
764 4086 877 4128 omues
899 4086 1031 4148 persone
1046 4067 1080 4129 in
1097 4066 1160 4128 ista
1175 4065 1392 4147 inquisicioue
1408 4065 1573 4127 nominate
1589 4071 1667 4128 suut
1682 4067 1792 4128 seisite

292 4162 327 4214 et
357 4153 601 4234 possessionate,
633 4158 667 4214 et
697 4173 809 4215 eorum
840 4153 986 4237 quelibet
1015 4161 1065 4217 eat
1096 4153 1207 4216 aeisita
1233 4161 1265 4214 et
1299 4153 1537 4234 possessionata
1565 4151 1605 4214 de
1636 4157 1732 4214 terris
1757 4159 1789 4214 et

292 4241 491 4300 tenementis
505 4240 539 4300 in
553 4237 717 4301 dominico
733 4261 790 4302 auo
805 4252 844 4302 ut
859 4241 1017 4305 delibero
1033 4246 1232 4318 tenemeutO,
1249 4248 1283 4303 et
1298 4247 1414 4302 tenent
1437 4259 1496 4301 seu
1518 4246 1611 4302 tenet
1637 4239 1732 4301 modo
1754 4249 1791 4302 et

292 4325 396 4388 forma
409 4326 464 4408 qui
481 4331 647 4403 secuntur,
664 4327 831 4405 videlicet,
848 4327 934 4411 quod
946 4349 999 4389 :-

337 4514 504 4589 Heuricus‚
521 4512 782 4598 archiepiscopus
808 4515 1060 4592 Cantuariensis,
1077 4528 1112 4580 et
1136 4517 1235 4578 ceteri
1262 4513 1446 4577 scortatores
1473 4521 1588 4576 teuent
1613 4516 1790 4578 inmediate

290 4600 331 4663 de
347 4603 428 4662 duce
445 4601 628 4662 lancastrie
643 4611 732 4663 certa
747 4611 849 4665 terras
863 4615 897 4664 et
913 4612 1102 4666 tenemento
1117 4605 1151 4664 iu
1169 4603 1335 4667 Hourruuu
1351 4607 1386 4664 et
1404 4601 1670 4684 Saturnumque
1686 4622 1790 4684 nuper

291 4691 423 4751 fuerunt
441 4689 591 4773 lingonis
607 4689 637 4751 le
652 4688 843 4771 Despenser,
860 4711 918 4772 per
933 4692 1108 4754 servicium
1123 4691 1168 4753 di.
1185 4689 1207 4752 f.
1224 4709 1268 4752 m.

1735 4787 1745 4814 t

337 4852 427 4913 Prior
450 4851 490 4913 de
518 4851 620 4913 Eston
646 4858 739 4915 tenet
762 4854 944 4917 inmediate
969 4855 1009 4917 de
1040 4843 1165 4915 Thoma
1197 4851 1313 4929 Broke‚
1344 4859 1381 4913 ut
1412 4851 1453 4914 de
1483 4853 1630 4913 manerio
1659 4872 1718 4913 suo
1747 4853 1787 4914 de

291 4937 496 5020 Chissehury‚
512 4946 598 5001 certa
624 4947 723 5002 terras
746 4949 781 5003 et
803 4946 994 5004 tenemento
1017 4943 1052 5003 in
1068 4941 1258 5018 Fsoxruun,
1275 4959 1338 5023 que
1354 4959 1458 5022 nuper
1480 4937 1612 5001 fuerunt
1631 4937 1786 5001 willelmi

290 5027 434 5101 Avenell,
453 5046 510 5108 per
525 5027 696 5089 servicium
712 5029 756 5091 di.
773 5026 796 5091 l.
813 5050 858 5093 m.

333 5191 498 5258 Johaunes
514 5191 649 5270 Boteler‚
666 5193 817 5272 chivuler‚
833 5201 867 5257 et
882 5194 1022 5259 Thomas
1039 5195 1227 5272 Barncston‚
1244 5195 1393 5278 armiger,
1409 5199 1522 5256 teuent
1544 5192 1721 5254 inmediate
1746 5194 1786 5254 de

288 5301 352 5362 quo
367 5280 420 5342 vel
442 5281 482 5341 dc
507 5280 625 5362 quihus
647 5283 808 5365 ignorant,
827 5289 916 5345 certa
942 5291 1043 5346 terras
1069 5289 1102 5345 et
1127 5288 1317 5346 tenemento.
1342 5283 1376 5342 iu
1404 5282 1570 5358 Gnsrrorv,
1594 5299 1657 5361 que
1684 5299 1785 5362 nuper

287 5368 418 5430 fuerunt
434 5367 562 5429 Ricardi
582 5369 621 5430 de
637 5370 825 5453 Haveryng,
843 5390 900 5452 per
916 5371 1089 5435 servicium
1106 5369 1152 5435 di.
1170 5370 1193 5435 f.
1211 5391 1255 5435 m.
