4092 6117
893 576 978 646 A.D.
1003 583 1101 647 1428.
1683 569 1745 644 261

286 861 378 925 Idem
392 863 533 927 decanus
548 871 641 930 tenet
655 867 695 930 de
710 869 843 932 domino
858 891 933 955 rege
949 872 999 934 ic.
1016 877 1104 932 certa
1121 837 1222 932 terras
1238 872 1272 932 at
1288 871 1480 932 tenemento
1494 866 1528 928 in
1546 865 1744 940 Hasrunou,

242 967 304 1030 que
319 969 422 1032 nuper
437 951 571 1016 fuerunt
587 953 740 1039 Hugonis
755 956 866 1040 Tracy‚
882 978 938 1039 per
952 957 1128 1021 servicium
1144 976 1200 1021 un.
1219 955 1241 1021 f.
1257 977 1301 1021 m.

283 1085 427 1150 Heredes
453 1091 607 1172 magistri
632 1089 765 1155 Roberti
793 1091 833 1154 de
858 1089 974 1156 Worth
1001 1098 1118 1156 tenent
1146 1092 1338 1170 inmediate‚
1366 1090 1407 1154 de
1423 1111 1487 1174 quo
1503 1088 1555 1152 vel
1570 1088 1611 1150 de
1627 1085 1745 1172 quibus

240 1174 404 1258 ignorant,
418 1181 506 1238 certa
521 1184 622 1241 terras
638 1185 674 1242 et
689 1184 883 1243 tenemento
897 1181 932 1242 in
948 1181 1157 1258 annuunn
1173 1202 1237 1266 que
1253 1201 1356 1264 nuper
1381 1178 1514 1242 inerunt
1531 1175 1687 1238 Willelmi
1704 1173 1744 1236 de

241 1259 366 1339 Worth,
381 1282 438 1344 per
453 1264 627 1327 servicium
643 1266 688 1330 di.
706 1267 728 1331 f.
745 1289 790 1332 m.

283 1397 389 1475 Anna,
406 1398 572 1463 comitissa
588 1401 775 1480 Staffordie,
791 1410 886 1467 tenet
912 1403 1091 1466 inmediate
1118 1400 1160 1465 de
1183 1401 1317 1466 domino
1332 1423 1407 1487 rege
1423 1402 1474 1465 ic.
1490 1405 1580 1464 certa
1595 1402 1744 1462 terreret

240 1492 432 1636 plepeffirta
461 1487 496 1548 in
529 1487 710 1567 Scasuson,
741 1512 804 1574 que
834 1511 939 1572 nuper
969 1492 1105 1553 suerunt
1138 1489 1270 1553 walteri
1302 1489 1448 1571 Martyn,
1479 1509 1535 1571 per
1571 1485 1743 1550 servicium

282 1706 445 1772 Robertus
474 1710 612 1774 Andrerr
641 1719 735 1776 tenet
766 1714 944 1777 immediate
973 1714 1015 1777 de
1046 1715 1214 1776 comitissa
1244 1711 1430 1792 Staffordie,
1460 1719 1548 1775 certa
1577 1715 1679 1773 terras
1708 1715 1743 1772 et

239 1797 658 1950 ppppffiltladinfblpruns
684 1800 865 1878 Sesamos,
891 1823 954 1884 que
982 1821 1086 1884 nuper
1113 1801 1245 1866 inerunt
1267 1797 1428 1864 Johannis
1455 1799 1495 1863 de
1522 1796 1660 1872 Burtou,
1686 1815 1744 1878 per

281 2015 444 2098 Johanna,
461 2023 574 2105 regina
598 2023 726 2108 singlis,
751 2031 844 2087 tenet
869 2024 905 2086 in
931 2024 1045 2089 dotem
1071 2047 1109 2088 ex
1136 2024 1342 2088 concessione
1367 2024 1453 2108 regis
1479 2021 1611 2084 Henrici
1636 2019 1744 2105 quarti

238 2111 325 2168 certa
338 2110 443 2170 terras
458 2118 494 2171 et
509 2116 697 2174 tenemento
711 2115 746 2174 in
764 2113 945 2190 Srnaauou,
962 2133 1025 2195 que
1041 2133 1146 2196 nuper
1161 2113 1297 2174 fuerunt
1312 2109 1478 2194 Philippe,
1491 2111 1604 2194 regine
1615 2106 1744 2192 Anglie,

239 2213 296 2275 per
311 2193 485 2258 servicium
500 2216 557 2261 un.
574 2197 598 2261 f.
616 2219 660 2262 m.

284 2328 422 2393 Brianus
447 2332 487 2395 de
512 2332 688 2416 Stapulton
714 2341 808 2398 tenet
831 2334 1027 2412 inmediate,
1040 2336 1081 2399 de
1105 2355 1168 2418 quo
1193 2335 1243 2398 vel
1268 2334 1309 2396 de
1336 2333 1454 2418 quibus
1477 2334 1642 2418 ignorant,
1656 2335 1743 2394 certa

238 2421 594 2571 pppppgigpltelperpelrlrlta
610 2421 645 2483 in
660 2422 836 2500 Barnous,
863 2443 926 2505 que
954 2443 1060 2506 nuper
1084 2424 1217 2486 fuerunt
1241 2421 1377 2486 Milonis
1403 2420 1444 2483 de
1470 2419 1661 2503 Stapulton,
1686 2437 1743 2501 per

283 2641 437 2705 Priorissa
452 2644 492 2706 de
508 2643 681 2709 Dorteford
700 2650 768 2723 (sir)
787 2654 879 2710 tenet
902 2647 1082 2710 inmediate
1105 2647 1146 2710 de
1169 2653 1279 2710 castro
1300 2645 1341 2709 de
1364 2646 1477 2728 Enyas
1493 2649 1581 2708 certa
1595 2647 1694 2706 terras
1708 2648 1742 2706 et

237 2731 613 2883 {pppirpiepltladinfitlilssr
638 2734 849 2813 warnarium,
874 2755 937 2818 que
963 2755 1069 2818 nuper
1095 2735 1229 2798 fuerunt
1254 2731 1416 2796 dohannis
1440 2733 1471 2794 le
1500 2735 1656 2814 b'unyore,
1685 2750 1742 2812 per

802 3090 804 3093 ’
834 3077 1154 3143 CREKKELADE.

280 3207 445 3271 Walterus
472 3207 694 3294 Beanchamp,
720 3211 874 3290 ohivaler,
902 3219 993 3276 tenet
1020 3213 1103 3276 duas
1134 3219 1242 3296 partes
1271 3213 1317 3276 di.
1345 3213 1369 3275 f.
1398 3232 1443 3276 m.
1474 3211 1509 3274 in
1541 3191 1742 3278 Sousuronn

236 3296 667 3468 cairiisregiiriiriaeemim
682 3304 772 3362 etate
787 3300 881 3363 ducis
896 3301 1044 3378 Eboraci,
1059 3320 1101 3363 ex
1116 3300 1322 3379 concessione
1347 3299 1474 3361 domini
1502 3299 1588 3384 regis
1603 3295 1739 3360 Henrici

236 3403 278 3466 pa
545 3435 552 3448 .

279 3517 444 3604 Philippa,
458 3521 586 3584 ducissa
601 3522 747 3598 Eboraci,
763 3527 856 3585 tenet
882 3523 915 3584 in
941 3523 1053 3585 dotem
1079 3524 1215 3586 terciam
1232 3528 1358 3604 partem
1375 3520 1422 3583 di.
1439 3519 1462 3583 f.
1480 3539 1524 3582 rn.
1540 3517 1581 3579 de
1597 3516 1692 3578 terris
1706 3520 1742 3577 ct

235 3609 444 3688 tenementis,
459 3629 520 3692 que
536 3629 639 3693 nuper
654 3609 787 3672 fuerunt
802 3609 895 3672 ducis
909 3609 1046 3672 Eboraci
1063 3610 1097 3672 in
1116 3609 1318 3676 Sousnaonn
1336 3609 1475 3675 Carnus.

280 3745 425 3808 Heredes
440 3745 597 3811 Jobannis
613 3746 784 3829 Appadam
810 3753 929 3810 tenent
952 3745 1143 3823 inmediate,
1159 3746 1198 3808 de
1222 3765 1286 3828 quo
1302 3744 1350 3807 vel
1375 3743 1417 3807 de
1442 3742 1559 3827 quibus
1575 3743 1739 3826 ignorant,

234 3840 321 3896 certa
336 3841 439 3896 terras
453 3841 489 3895 et
504 3840 693 3895 tenementa
708 3835 743 3896 in
762 3835 993 3910 Suanunoorn,
1010 3853 1074 3918 que
1098 3852 1204 3916 nuper
1230 3831 1364 3895 fuerunt
1385 3829 1544 3896 Johannis
1560 3829 1741 3913 Appadam,

237 3941 292 4004 per
306 3921 481 3984 servicium
497 3927 587 3983 sexte
602 3922 704 4002 partis
719 3941 776 3984 un.
793 3921 817 3986 f.
835 3943 880 3986 m.

279 4057 463 4125 Willelmus
491 4055 641 4138 Templer
669 4065 761 4121 tenet
792 4058 972 4121 inmediate
1001 4059 1043 4121 de
1074 4055 1240 4126 Willelmo
1280 4053 1422 4138 Olynton
1460 4059 1549 4116 certa
1577 4055 1678 4116 terras
1707 4060 1741 4113 et

235 4150 425 4298 ffinpmlplnta
440 4143 476 4206 in
491 4143 634 4220 Ponrou,
652 4164 714 4229 que
731 4166 833 4228 nuper
847 4146 982 4209 fuerunt
996 4144 1120 4209 Thome
1136 4145 1177 4209 da
1194 4144 1314 4208 Sancto
1330 4142 1456 4219 Mauro,
1483 4162 1540 4224 per
1568 4139 1739 4202 servicium

280 4372 394 4436 Comes
408 4369 572 4435 Warrwici
587 4375 680 4432 tenet
695 4367 878 4432 inmediate
893 4370 934 4433 dc
949 4371 1082 4434 domiuo
1097 4389 1174 4454 rege
1189 4371 1242 4433 i.c.
1260 4371 1349 4430 certa
1363 4371 1467 4428 terras
1493 4370 1527 4426 et
1552 4363 1742 4427 tenementa

234 4461 269 4522 in
286 4459 517 4534 Susauncoru
533 4476 597 4540 quc
612 4477 716 4540 nuper
731 4457 863 4520 fuerunt
879 4458 1039 4523 Jobannis
1056 4455 1251 4532 Chamflour,
1266 4474 1321 4539 per
1336 4453 1511 4516 servicium
1527 4451 1572 4515 di.
1588 4450 1612 4515 s.
1630 4471 1675 4515 m.

280 4595 439 4674 Johanna,
455 4614 556 4677 nuper
572 4614 650 4657 uxor
665 4595 800 4658 Roberti
817 4593 921 4672 More,
932 4600 1023 4658 tenet
1038 4595 1219 4659 inmediate
1235 4591 1369 4656 deduce
1386 4591 1522 4654 Eboraci
1537 4596 1624 4652 certa
1638 4593 1739 4651 terras

236 4692 272 4749 et
286 4689 474 4747 tenementa
494 4683 529 4743 in
552 4681 731 4747 Canunann
747 4689 861 4744 vocata
877 4683 1060 4748 Anvuormu
1087 4683 1199 4749 Counr
1226 4681 1409 4743 reversione
1425 4676 1501 4741 inde
1516 4681 1686 4760 spectante
1699 4676 1741 4737 ad

236 4771 431 4845 walterum,
445 4768 616 4832 dominum
633 4769 855 4853 Hungerford,
871 4789 929 4852 per
943 4771 1116 4832 servicium
1132 4769 1177 4833 di.
1194 4768 1216 4832 f.
1232 4789 1277 4833 m.

885 5038 1100 5106 STAPELE.

281 5178 443 5244 Robertus
458 5176 608 5252 Andrew,
624 5173 790 5241 Johannes
816 5173 975 5251 Poucher‚
999 5179 1034 5236 et
1060 5169 1238 5235 Niobolaus
1263 5167 1409 5241 weston,
1433 5165 1548 5228 tenent
1561 5159 1740 5225 inmediute

238 5268 413 5352 separatim
436 5264 478 5327 de
504 5261 621 5326 abbate
644 5263 686 5325 de
713 5263 947 5347 Malmesbury,
971 5267 1060 5324 certa
1075 5269 1175 5323 terras
1191 5267 1226 5322 et
1241 5259 1427 5319 tenemento
1442 5251 1477 5312 in
1493 5251 1660 5326 Panisos,
1676 5267 1738 5330 que

236 5373 345 5438 nuper
361 5353 498 5416 fuerunt
513 5348 673 5416 iohannis
689 5349 832 5436 Keynys,
846 5371 903 5435 per
919 5349 1088 5413 servicium
1103 5359 1220 5431 quarte
1237 5343 1339 5426 partis
1355 5359 1411 5404 un.
1429 5337 1452 5402 i.
1468 5359 1513 5402 m.
