4092 6117
898 591 983 659 Μ).
1006 587 1104 661 mas.
1688 592 1752 664 287

294 884 459 952 Jobasnes
474 887 674 976 Stradelyng
688 896 781 956 tenet
795 893 976 957 inmediate
990 894 1033 958 de
1048 893 1199 958 Jobanne
1215 893 1352 973 Fastoll,
1366 897 1406 958 ut
1420 892 1460 958 de
1475 893 1621 957 manerio
1644 913 1703 957 suo
1717 893 1758 958 de

252 971 486 1057 Gssteloombe,
501 983 591 1042 certa
605 984 707 1044 terras
722 984 757 1044 et
771 986 960 1046 tenementa
973 983 1009 1045 in
1026 981 1258 1061 Sn'irsuuoosn,
1275 1002 1337 1067 que
1352 1001 1455 1065 nuper
1479 981 1614 1046 inerunt
1637 981 1758 1066 Rogeri

252 1061 294 1126 de
309 1062 509 1148 Danntescy,
522 1085 583 1148 per
597 1068 771 1131 servicium
785 1087 842 1134 un.
857 1070 881 1134 f.
897 1090 942 1135 m.

298 1198 436 1265 isabella
464 1201 568 1268 Cerne
596 1210 689 1270 tenet
719 1207 899 1270 inmediate
928 1207 968 1272 ds
996 1228 1071 1293 rege
1100 1211 1153 1272 i.c.
1184 1213 1273 1271 certa
1301 1211 1403 1270 terras
1433 1211 1468 1270 et
1497 1211 1687 1270 tenements
1725 1207 1761 1269 in

254 1288 441 1369 Dnavoosr,
457 1311 521 1376 que
536 1311 642 1377 nuper
657 1294 791 1358 fuerunt
804 1294 958 1358 Edwardi
973 1295 1088 1373 Cerne,
1101 1315 1161 1379 per
1174 1295 1348 1358 servicium
1364 1294 1410 1358 di.
1428 1294 1451 1358 f.
1468 1315 1514 1360 m.

298 1425 471 1504 Katerina,
486 1431 598 1512 regina
613 1431 744 1520 Anglie,
758 1437 853 1496 tenet
867 1432 1049 1496 inmediate
1065 1431 1106 1496 da
1121 1413 1200 1516 rege
1215 1432 1269 1498 ic.
1286 1437 1376 1495 certa
1390 1435 1494 1494 terras
1515 1435 1551 1493 et
1573 1435 1765 1510 tenemento

255 1514 291 1576 in
307 1513 485 1594 Woussur,
502 1537 566 1600 qne
580 1537 685 1602 nuper
697 1519 832 1583 fuerunt
846 1519 979 1583 'comitis
994 1519 1196 1599 Herefordie,
1212 1539 1272 1603 per
1286 1519 1461 1582 servicium
1477 1537 1532 1584 un.
1548 1517 1571 1582 i.
1587 1538 1632 1583 m.

300 1652 409 1717 Abbas
432 1654 474 1718 de
499 1655 722 1742 Malmesbury
748 1663 837 1722 tenet
862 1658 1056 1739 inmediate,
1081 1659 1122 1722 de
1145 1679 1220 1742 qno,
1237 1658 1289 1722 vel
1304 1658 1347 1722 de
1362 1657 1494 1741 quibus,
1509 1657 1662 1742 ignorant
1678 1662 1766 1720 certa

256 1743 616 1894 {mstoffiffim
635 1746 669 1808 in
696 1746 841 1812 Ksunns
867 1752 902 1810 et
927 1747 1093 1825 Ewnnus,
1120 1766 1176 1829 pro
1202 1745 1321 1831 quibus
1345 1745 1444 1809 solvit
1458 1746 1610 1824 decimas,
1635 1744 1766 1826 quando

302 1966 462 2033 Ricardus
488 1967 595 2034 Baths
620 1975 712 2036 tenet
739 1970 921 2036 inmediate
946 1972 987 2036 de
1015 1972 1132 2035 abbate
1158 1972 1199 2035 de
1230 1969 1455 2053 Malmesbury
1486 1975 1574 2032 certa
1604 1975 1705 2033 terras
1734 1972 1769 2032 et

261 2058 451 2121 tenementa
465 2059 501 2121 in
516 2058 715 2140 Hanunnou,
732 2080 793 2144 que
808 2079 913 2143 nuper
928 2060 1064 2123 luerunt
1078 2058 1240 2122 Willelmi
1254 2059 1297 2122 de
1313 2055 1506 2137 Hanlreton,
1520 2077 1578 2140 per
1592 2057 1769 2119 servicium

262 2148 376 2227 quarte
390 2145 494 2228 partis
509 2165 565 2211 nn.
583 2145 607 2211 i.
623 2167 671 2211 m.
1007 2184 1009 2187 ·

304 2277 429 2344 Dicunt
444 2282 547 2345 eciam
563 2282 703 2365 predicti
717 2281 875 2368 juratores
889 2282 976 2365 quod
991 2302 1057 2345 non
1073 2288 1152 2345 sunt
1176 2282 1240 2345 alie
1264 2301 1408 2366 persone,
1423 2281 1490 2345 siva
1507 2286 1670 2358 tenentes,
1685 2279 1772 2342 infra

263 2365 469 2432 hundredum
485 2369 668 2452 predictum
684 2370 794 2434 seisite
809 2370 843 2432 in
858 2370 1024 2433 dominico
1040 2389 1098 2434 suo
1123 2370 1306 2433 inmediate
1331 2375 1371 2433 ut
1398 2369 1439 2432 de
1465 2369 1570 2432 libero
1585 2371 1774 2431 tenemento

264 2453 350 2518 unde
365 2455 468 2519 iidem
484 2475 633 2539 persone,
649 2457 719 2520 sive
734 2463 896 2537 tenentes,
912 2457 1148 2540 possessionate
1163 2457 1311 2520 existunt
1325 2457 1382 2540 qui
1399 2463 1517 2520 tenent
1531 2475 1590 2538 per
1604 2455 1773 2540 integrum

264 2542 395 2605 feodum
410 2543 541 2622 militis,
555 2546 785 2625 medietatem,
799 2547 949 2622 terciam,
964 2545 1016 2607 vel
1032 2550 1195 2632 quartam,
1211 2552 1340 2630 partem
1356 2563 1412 2612 un.
1429 2542 1452 2611 f.
1468 2565 1513 2612 m.
1531 2543 1705 2608 inclusive.

311 2677 349 2740 In
364 2679 459 2765 cujus
473 2681 520 2744 rei
535 2682 766 2744 testimonium
782 2686 847 2747 etc.

789 2898 931 2908 ——-.-.-.--

654 3040 877 3105 Huununnuu
900 3061 944 3104 ns
965 3038 1230 3107 BOWBERGH
1252 3039 1405 3109 REGIS.
1436 3113 1442 3124 ,

313 3175 491 3259 inquisioio
519 3181 615 3260 capta
644 3177 731 3261 apud
761 3175 986 3261 Marleburgh,
1014 3177 1069 3240 die
1100 3176 1193 3240 Lune
1222 3180 1371 3261 proximo
1402 3183 1476 3261 post
1505 3178 1627 3242 festum
1665 3175 1776 3240 Sancti

269 3263 428 3340 Barnabe,
443 3263 605 3347 Apostoli,
619 3283 705 3327 anno
731 3265 821 3349 regni
847 3265 933 3348 regis
959 3264 1095 3327 Henrici
1120 3267 1204 3327 sexti
1232 3272 1308 3349 post
1321 3271 1536 3350 conquestum
1552 3272 1656 3342 sexto,
1671 3283 1779 3328 coram

269 3348 420 3415 Johanns
448 3350 552 3434 Payn,
577 3350 714 3415 Roberti
737 3350 847 3435 Erley,
872 3350 1025 3414 Johanne
1051 3350 1197 3435 Sturmy,
1222 3351 1262 3415 de
1285 3353 1436 3432 Axeford,
1453 3351 1604 3416 Johanne
1620 3350 1722 3435 Bryd,
1738 3352 1780 3415 de

270 3436 493 3523 Marleburgh,
509 3439 652 3502 Henrico
667 3437 837 3522 Bradeley,
851 3437 1003 3502 Johanne
1019 3437 1165 3522 Stnrmy,
1177 3439 1217 3503 de
1231 3439 1491 3516 Wachenesfeld
1508 3438 1658 3504 Jobanne
1675 3439 1781 3524 Buye,

270 3526 437 3589 Willelmo
452 3525 537 3589 Lord
553 3527 593 3589 de
608 3526 701 3590 Nova
715 3525 912 3603 Sarisbnria,
921 3532 956 3589 et
970 3524 1119 3589 Jobanne
1135 3525 1340 3604 Mountford‚
1350 3527 1391 3590 de
1412 3527 1475 3611 Lye
1490 3528 1586 3612 juxta
1597 3526 1783 3610 Westbury,

269 3612 499 3678 collectoribus
535 3612 671 3678 subsidii
709 3613 835 3678 domini
871 3614 959 3696 regis
987 3616 1023 3676 in
1053 3611 1174 3677 ultimo
1210 3615 1430 3697 parliamento
1462 3635 1520 3677 suo
1558 3613 1646 3696 apud
1676 3613 1783 3678 West-

272 3701 507 3765 monasterium
529 3701 565 3764 in
591 3700 758 3784 quindena
784 3701 898 3764 Sancti
921 3699 1093 3764 Michaelis
1119 3700 1239 3764 ultimo
1266 3703 1427 3785 preterita
1442 3707 1537 3766 tento
1552 3701 1708 3780 concessi,
1725 3721 1783 3789 per

273 3793 510 3852 sacramentum
525 3788 660 3852 Roberti
675 3787 767 3867 Best,
789 3788 951 3852 Jobannis
975 3787 1122 3864 Burdon‚
1137 3788 1297 3850 Willelmi
1325 3788 1490 3867 Walrond,
1518 3787 1663 3852 Simonis
1689 3788 1783 3872 Eyre,

273 3876 294 3943 J
295 3877 434 3939 ohannis
448 3875 632 3954 Godeman,
644 3876 665 3942 J
666 3876 802 3939 ohannis
817 3874 1014 3954 Provendrs,
1023 3874 1150 3938 Thome
1165 3875 1299 3960 Hogyn,
1311 3875 1469 3942 iohannis
1480 3877 1611 3959 Wbyte,
1625 3877 1645 3942 J
1647 3876 1784 3938 ohannis

274 3964 433 4047 Sparove,
449 3962 470 4029 J
471 3961 609 4027 ohannis
624 3962 744 4041 (irene,
759 3962 886 4026 Ricardi
911 3961 1079 4040 Dounion,
1095 3961 1230 4027 Roberti
1254 3962 1372 4047 Bailly,
1389 3964 1583 4050 juratorum,
1598 3963 1783 4049 juratorum

274 4052 316 4115 de
342 4050 510 4114 hundredo
536 4051 576 4113 de
602 4048 786 4133 Rovburgh
813 4051 925 4132 Regis,
952 4051 1009 4134 qui
1034 4049 1149 4112 dicunt
1174 4070 1269 4132 super
1296 4057 1534 4114 sacramentum
1568 4071 1674 4130 suum,
1698 4050 1784 4137 quod

275 4159 387 4202 omnes
401 4158 536 4221 persone
552 4140 587 4202 in
602 4140 666 4201 ists
680 4138 898 4223 inquisicione
914 4138 1084 4200 nominate
1101 4144 1178 4200 sunt
1193 4137 1304 4200 seisite
1319 4143 1353 4201 et
1370 4139 1617 4222 possessionate,
1627 4146 1662 4201 et
1674 4157 1787 4202 eorum

275 4225 421 4311 quelibet
435 4230 485 4289 est
500 4227 612 4290 seisita
635 4232 670 4290 et
694 4226 943 4309 possessionem,
959 4225 999 4288 de
1015 4224 1110 4288 terris
1124 4230 1160 4289 et
1174 4227 1372 4289 tenementis
1387 4227 1423 4288 in
1439 4227 1603 4290 dominico
1619 4246 1677 4288 suo
1693 4232 1733 4289 ut
1747 4225 1786 4288 de

276 4313 377 4376 libero
400 4317 601 4393 tenemento,
627 4319 662 4378 et
688 4317 815 4392 tenent,
840 4331 899 4376 sen
925 4317 1018 4376 tenet
1043 4312 1139 4375 modo
1163 4319 1197 4376 et
1223 4313 1336 4392 forma,
1362 4315 1420 4398 qui
1447 4314 1607 4399 sequitur,
1620 4313 1785 4393 videlicet,

278 4401 429 4484 qnod:-

323 4590 487 4653 Walterus
502 4587 722 4674 Hungerford,
732 4588 886 4651 dominns
898 4586 1120 4672 Hungeriord,
1130 4593 1226 4653 tenet
1240 4589 1423 4654 inmediats
1438 4590 1480 4654 de
1495 4590 1629 4654 domino
1643 4609 1719 4674 rege
1734 4592 1787 4656 ic.

279 4685 365 4740 certa
388 4684 491 4740 terras
516 4686 551 4740 et
575 4683 765 4740 tenementa
788 4676 824 4738 in
851 4675 975 4741 Manna
1002 4674 1216 4754 Cnuvaunun,
1231 4696 1294 4760 que
1317 4696 1421 4761 nuper
1448 4678 1584 4742 fuerunt
1612 4678 1724 4763 Egidii
1750 4679 1790 4742 de

280 4763 434 4841 Cobbam,
448 4784 505 4848 per
518 4765 693 4828 servicium
708 4764 811 4826 trium
826 4763 985 4846 partium,
1000 4769 1036 4826 et
1051 4770 1165 4826 octava
1179 4764 1295 4847 partis,
1309 4785 1364 4828 un.
1380 4766 1405 4831 f.
1422 4787 1468 4831 m.

326 4900 419 4965 Idem
434 4901 606 4980 walterus,
620 4900 773 4964 dominus
787 4897 1009 4984 Hungerford,
1020 4905 1111 4964 tenet
1127 4901 1309 4965 inmediats
1324 4902 1364 4966 de
1379 4923 1455 4986 rege
1469 4904 1523 4967 i.c.
1534 4907 1623 4965 certa
1638 4907 1741 4967 terras
1756 4911 1791 4968 et

280 4993 471 5139 pieinpmenta
495 4991 529 5052 in
557 4988 666 5054 Passa
682 4987 894 5065 Caussarum,
909 5006 972 5070 que
987 5007 1093 5071 nuper
1108 4989 1244 5053 fuerunt
1258 4989 1289 5051 N
1291 4987 1414 5054 icholni
1429 4988 1533 5074 Pyle,
1548 5009 1606 5074 per
1621 4991 1791 5054 servicium

319 5126 326 5141 .
358 5097 427 5142 .m.

327 5211 483 5276 Ricardns
508 5211 656 5276 Milburn
680 5215 777 5274 tenet
801 5211 983 5276 inmediate
1006 5209 1049 5273 de
1072 5209 1156 5274 duce
1181 5210 1399 5290 Gloucestrie,
1412 5216 1451 5276 ut
1474 5212 1516 5275 de
1542 5217 1647 5276 castro
1669 5233 1728 5277 sno
1750 5215 1791 5279 de

283 5299 436 5382 Devyses,
448 5305 537 5364 certa
552 5304 655 5362 terras
668 5302 703 5362 et
716 5305 910 5363 tenementa
924 5299 960 5361 in
976 5296 1165 5380 Irrsnnnou,
1189 5317 1252 5386 que
1277 5319 1381 5386 nuper
1404 5299 1541 5366 fuerunt
1565 5299 1722 5364 Willelrni
1750 5303 1795 5367 de

284 5386 435 5470 Olynton,
450 5407 508 5471 per
522 5385 696 5456 servicium
709 5385 756 5450 di.
774 5383 800 5458 f,
816 5407 862 5454 m.
1718 5425 1731 5445 t
