4092 6117
304 580 369 646 240
923 579 1196 654 WILTSHIRE.

346 869 512 938 Jobannes
542 870 711 958 Wodehay
738 878 832 938 tenet
860 875 1054 940 immediate
1083 877 1124 942 dc
1153 877 1273 940 comite
1303 874 1486 943 Sarisburie
1516 881 1605 942 certe
1642 881 1744 942 terras
1781 880 1818 942 et
1896 877 1900 884 '

303 964 542 1115 {pppirpielpgcdiin
555 961 793 1116 gipprnnrpponu
809 963 960 1041 Gomara,
976 985 1039 1048 que
1063 985 1168 1050 nuper
1190 964 1325 1029 fuerunt
1341 965 1500 1100 willelmi
1516 965 1576 1029 filii
1592 963 1741 1046 Walteri,
1758 985 1817 1048 per

349 1185 472 1248 Dicunt
493 1188 597 1250 eciam
623 1187 761 1270 predicti
781 1188 958 1272 juratores,
985 1189 1072 1274 quod
1099 1189 1190 1253 nulle
1217 1195 1296 1254 sunt
1319 1191 1383 1254 alie
1409 1211 1543 1274 persone
1570 1191 1637 1256 sive
1664 1193 1817 1254 tenentes

304 1273 391 1335 infra
419 1271 627 1337 hundredum
656 1275 842 1357 predictum
872 1277 984 1340 aeisite
1010 1279 1045 1339 in
1075 1277 1242 1340 dominico
1267 1299 1326 1341 suo
1356 1279 1549 1342 immediate
1573 1283 1613 1342 ut
1642 1278 1683 1341 de
1713 1279 1817 1341 libero

303 1367 505 1438 tenemento,
519 1363 606 1425 unde
619 1363 722 1426 iidem
737 1383 871 1446 persone
887 1364 952 1427 sive
967 1370 1122 1427 tenentes
1137 1367 1369 1446 possessionati
1384 1369 1542 1443 existunt,
1555 1365 1614 1449 qui
1628 1369 1745 1429 tenent
1761 1385 1818 1448 per

302 1449 469 1531 integrum
484 1449 614 1512 feodum
631 1451 749 1513 militis
764 1451 907 1514 mediate
922 1453 1058 1516 terciam
1074 1453 1121 1516 vel
1139 1459 1291 1536 quartam
1307 1459 1436 1536 partem
1450 1473 1505 1518 un.
1523 1453 1547 1519 s.
1563 1475 1608 1519 ιιι.
1625 1453 1793 1516 inclusive.

349 1584 391 1648 In
405 1584 498 1672 cujus
512 1588 558 1650 rei
573 1588 806 1652 testimonium
822 1594 885 1654 etc.

1036 1793 1364 1804 mem.-

927 1964 1250 2034 AMBRESBURY.

350 2103 529 2186 Inquiaicio
555 2106 652 2188 capta
675 2101 763 2184 apud
789 2101 913 2164 Novam
947 2101 1174 2182 Sarisbun'am,
1200 2103 1254 2168 die
1282 2103 1401 2168 Martis
1429 2105 1575 2188 proximo
1601 2111 1674 2188 post
1696 2103 1818 2169 festum

307 2190 419 2254 Sancti
435 2189 592 2270 Barnabe,
610 2189 869 2272 apostolieum
892 2192 987 2272 regni
1011 2190 1100 2274 regis
1115 2189 1251 2254 Henrici
1267 2193 1352 2254 sexti
1366 2199 1441 2275 post
1459 2197 1697 2276 (conquestum)
1719 2197 1820 2268 serto,

306 2299 412 2342 coram
427 2275 577 2341 iohanne
593 2277 713 2360 Payne,
726 2277 868 2340 Henrioo
883 2277 1052 2360 Bradeley,
1063 2276 1228 2340 Willelmo
1245 2278 1342 2354 Lord,
1353 2285 1386 2341 et
1401 2279 1516 2342 ceteris
1531 2281 1819 2343 commissionariie

308 2367 433 2428 domini
448 2367 545 2448 regis,
556 2365 680 2428 virtute
690 2364 862 2426 literarum
878 2365 1065 2447 patencium
1081 2365 1219 2447 predicti
1235 2365 1359 2429 domini
1378 2367 1463 2451 regis
1476 2368 1598 2430 eisdem
1611 2368 1818 2443 directarum,

307 2474 364 2537 per
380 2457 619 2515 sacramentum
635 2451 770 2514 Roberti
784 2451 986 2530 Bodenham‚
1000 2450 1162 2514 Jobannia
1188 2453 1322 2530 Combe,
1336 2452 1497 2517 Jobannis
1522 2454 1544 2517 J
1546 2453 1642 2534 udde,
1659 2453 1819 2518 Jobannis

308 2541 438 2625 Guyne,
468 2539 629 2602 Jobannia
658 2538 797 2620 Moreys,
828 2539 959 2600 Ricardi
990 2537 1079 2616 Cole,
1109 2537 1271 2602 Johannis
1295 2539 1387 2624 Davy
1413 2541 1453 2603 de
1480 2539 1657 2619 Salterton,
1684 2543 1818 2604 Roberti

307 2628 329 2691 J
332 2628 430 2704 udde,
443 2624 594 2689 Nicholai
611 2625 750 2706 Wattys,
767 2624 925 2688 Willelmi
942 2625 1064 2704 Penne,
1083 2625 1242 2689 Willeimi
1258 2627 1369 2710 Pytte,
1385 2627 1509 2692 Thome
1526 2627 1642 2712 Baiily‚
1660 2628 1820 2694 Willelmi

308 2715 407 2798 Pytte
422 2714 463 2777 de
479 2712 631 2796 Shipton,
647 2711 805 2775 Willelmi
821 2712 1009 2776 Wolcombe
1024 2719 1059 2776 et
1075 2713 1240 2797 Radulphi
1257 2713 1344 2792 Rolf,
1358 2717 1416 2799 qui
1443 2735 1555 2778 omnes
1575 2715 1690 2799 jurati,
1707 2723 1742 2780 et
1762 2738 1819 2800 pro

308 2802 442 2865 domino
458 2822 534 2885 rege
548 2801 674 2864 onerati
689 2801 730 2862 de
746 2798 915 2862 hundredo
930 2801 972 2862 de
988 2801 1208 2884 Ambreebury
1223 2800 1352 2879 dicunt,
1377 2803 1463 2887 quod
1488 2824 1599 2866 omnes
1625 2824 1759 2887 persone
1785 2805 1819 2866 in

308 2891 373 2952 ista
386 2890 602 2972 inquisicione
617 2889 782 2950 nominate
797 2899 874 2951 aunt
889 2889 1002 2951 saisita
1017 2895 1051 2950 et
1068 2890 1304 2970 possessionate
1319 2895 1353 2952 et
1368 2909 1480 2952 earum
1490 2891 1634 2974 quelibet
1645 2897 1697 2954 est
1709 2893 1820 2954 saisita

308 2986 343 3040 et
367 2978 603 3061 possessionata
627 2975 668 3038 de
692 2978 788 3038 terris
810 2981 845 3038 et
867 2977 1067 3039 tenementis
1082 2977 1116 3038 iu
1132 2977 1298 3038 dominico
1313 2997 1370 3040 suo
1388 2983 1426 3038 ut
1440 2978 1481 3040 de
1498 2977 1601 3041 libero
1615 2984 1818 3057 tenemento,

309 3071 345 3129 et
359 3070 486 3141 teuent,
500 3083 554 3126 eeu
570 3068 676 3136 tenet,
692 3063 836 3126 modoet
851 3063 955 3125 forma
970 3064 1027 3146 qui
1043 3069 1211 3146 sequntur,
1227 3064 1391 3141 videlicet,
1407 3065 1492 3149 quod
1505 3087 1559 3127 r·-

350 3251 491 3318 Thomas
506 3251 637 3334 Hobbys
653 3251 860 3314 etWalterus
876 3251 1071 3334 Maesynger
1087 3257 1199 3314 tenent
1216 3252 1407 3316 immediate
1422 3253 1457 3315 in
1473 3253 1636 3316 dominico
1651 3273 1709 3316 auo
1725 3259 1764 3317 ut
1778 3255 1818 3316 de

308 3341 402 3406 feodo
417 3346 507 3404 certa
522 3346 622 3403 terras
635 3346 668 3401 et
684 3345 874 3402 tenemento
888 3339 923 3400 in
939 3339 1061 3405 Macra
1070 3340 1308 3418 Auanasaunv,
1322 3361 1384 3424 que
1399 3360 1505 3424 nuper
1520 3342 1652 3404 inerunt
1665 3341 1820 3424 Willelmi

309 3430 351 3494 de
366 3426 534 3507 cantelou,
550 3448 607 3511 per
621 3427 793 3490 servicium
808 3426 854 3493 di.
871 3424 894 3491 f.
911 3447 956 3492 m.

351 3565 517 3631 Jobannes
533 3563 711 3628 Holccmbe
725 3568 817 3626 tenet
832 3564 1037 3643 immediate,
1055 3570 1091 3628 ut
1107 3565 1147 3628 de
1162 3565 1235 3649 jure
1251 3566 1389 3648 Agnetis
1405 3565 1514 3629 uxoris
1528 3586 1584 3629 sue
1603 3571 1703 3645 (certa
1719 3571 1820 3630 terras

311 3660 346 3718 et
360 3658 571 3731 tenementa)‚
586 3652 673 3714 unda
686 3672 767 3713 uxor
782 3650 937 3715 Willelmi
955 3651 1112 3734 Stourmy
1127 3657 1216 3715 tenet
1242 3653 1381 3716 terciam
1408 3657 1534 3735 partem
1558 3653 1593 3716 in
1619 3653 1743 3732 dotem,
1758 3674 1821 3738 que

312 3740 564 3826 superfuerunt
580 3739 717 3802 Henrici
731 3737 888 3823 Stourmy
902 3740 937 3801 in
953 3740 1172 3818 Frentanum,
1190 3759 1247 3822 per
1261 3739 1436 3803 servicium
1451 3759 1507 3805 un.
1524 3740 1546 3804 f.
1564 3761 1609 3805 m.

355 3879 541 3942 Willelmus
555 3876 665 3942 Darell
679 3881 714 3944 et
728 3877 890 3941 Robartus
905 3877 1086 3961 Brynnyng
1111 3883 1226 3941 tenent
1247 3877 1440 3942 immediate
1463 3879 1503 3941 de
1527 3878 1661 3942 domino
1675 3897 1752 3962 rege
1767 3879 1819 3942 ic.

312 3969 347 4031 in
371 3967 535 4031 dominico
558 3985 617 4028 suo
642 3972 681 4028 ut
706 3965 748 4028 de
771 3964 867 4029 feodo
890 3971 979 4028 certa
1002 3972 1104 4028 terras
1127 3971 1163 4028 et
1193 3971 1380 4027 tenementa
1402 3967 1438 4028 in
1462 3965 1618 4032 Courron
1641 3987 1705 4047 que
1721 3986 1821 4048 nuper

312 4057 446 4120 fuerunt
459 4053 619 4116 Johaunie
635 4053 798 4130 Bremore,
816 4072 873 4135 per
887 4054 1061 4116 servicium
1075 4057 1191 4137 quarte
1205 4053 1308 4136 partis
1322 4051 1347 4118 f.
1365 4073 1410 4118 m.

356 4191 523 4258 Jobannes
545 4190 701 4276 Moygne,
723 4191 830 4268 miles,
855 4194 948 4254 tenet
972 4192 1165 4255 immediate
1192 4191 1225 4253 in
1250 4190 1415 4253 dominico
1442 4211 1499 4254 suo
1515 4193 1553 4253 ut
1569 4189 1608 4253 de
1624 4190 1718 4253 feodo
1734 4194 1824 4254 certa

313 4289 415 4346 terras
441 4285 474 4343 et
497 4287 687 4342 tenementa
709 4279 744 4340 in
759 4278 883 4357 Aaron,
899 4299 963 4361 que
977 4299 1080 4362 nuper
1095 4278 1228 4342 fuerunt
1244 4277 1401 4341 Katerine
1417 4277 1458 4340 de
1473 4275 1565 4356 Veel,
1581 4297 1638 4362 per
1654 4278 1825 4341 servicium

313 4373 425 4455 quarte
440 4367 544 4450 partis
558 4365 582 4432 f.
599 4387 645 4432 m.
661 4386 724 4451 que
738 4371 830 4430 tenet
844 4367 886 4430 de
901 4368 1022 4430 comite
1038 4365 1237 4450 Leycestrie.

357 4505 536 4568 Mauricius
550 4504 589 4567 de
606 4501 738 4581 Berkle,
753 4502 860 4582 miles,
873 4508 963 4567 tenet
978 4503 1171 4566 immediate
1187 4503 1227 4565 de
1242 4499 1390 4564 iohanne
1405 4500 1436 4562 N
1439 4501 1517 4564 evill
1532 4503 1567 4565 in
1584 4501 1750 4566 dominico
1766 4522 1824 4565 suo

314 4599 353 4657 ut
382 4594 423 4656 de
451 4592 545 4655 feodo
571 4595 660 4654 certa
688 4595 791 4654 terrae
816 4595 850 4654 et
876 4597 1065 4654 tenementa
1089 4592 1124 4653 in
1150 4591 1534 4673 amorrhaeumque
1561 4609 1665 4674 nuper
1690 4589 1825 4653 fuerunt

318 4681 467 4744 Mauricii
482 4679 524 4742 de
542 4677 670 4755 Berkle,
686 4699 743 4760 per
757 4679 929 4740 servicium
942 4677 989 4744 di.
1004 4678 1028 4741 f.
1045 4699 1091 4743 m.

362 4817 519 4880 Priorissa
542 4816 584 4879 de
607 4815 837 4899 Ambresbury,
853 4813 1017 4878 Jobannes
1044 4813 1174 4893 Combe,
1187 4815 1353 4878 Jobannes
1368 4813 1526 4898 Wodhay,
1540 4813 1680 4876 Thomas
1697 4811 1826 4898 Gogyn,

317 4913 352 4969 et
375 4905 515 4968 Thomas
540 4901 663 4967 Saucer
686 4909 803 4965 tenent
825 4903 1019 4966 immediate
1034 4908 1124 4966 certa
1138 4905 1240 4966 terras
1255 4909 1289 4966 et
1303 4907 1491 4965 tenemeuta
1506 4903 1539 4963 in
1558 4901 1658 4968 Wesr
1673 4901 1825 4966 Auseae·

317 5015 415 5069 aunv,
432 5012 496 5078 que
510 5010 617 5074 nuper
631 4989 765 5054 fuerunt
780 4989 904 5053 Thome
930 4990 1060 5075 Gogyn,
1075 4992 1227 5074 priorisse
1250 4991 1290 5054 de
1306 4989 1522 5073 Ambresbury
1537 4987 1685 5072 predicta
1708 4999 1743 5052 et
1757 4989 1826 5052 Ade

318 5083 449 5157 Saucer,
462 5099 518 5163 per
533 5077 704 5142 servicium
719 5081 835 5163 quarte
850 5079 953 5160 partis
968 5079 992 5144 f.
1009 5099 1056 5143 m.

360 5218 538 5281 Mauricius
553 5217 592 5280 de
607 5214 738 5296 Berkle,
755 5216 859 5295 miles,
875 5221 967 5280 tenet
982 5213 1174 5279 immediate
1189 5215 1223 5278 in
1239 5215 1405 5279 dominico
1422 5234 1481 5278 suo
1495 5219 1533 5278 ut
1556 5213 1597 5277 de
1620 5213 1716 5278 feodo
1742 5217 1828 5277 certa

318 5313 419 5370 tarrae
433 5313 468 5368 et
484 5309 672 5367 tenementa
685 5305 719 5366 in
736 5303 946 5384 anasron,
962 5323 1027 5386 que
1042 5322 1147 5388 nuper
1161 5300 1296 5372 fuerunt
1320 5301 1482 5390 Stephani
1504 5299 1757 5387 Bryghamatcn,
1772 5319 1828 5384 per

319 5392 493 5457 servicium
508 5397 623 5473 quarte
638 5391 740 5474 partis
756 5391 780 5457 f.
798 5412 843 5457 m.
