4092 6117
336 628 379 693 20
970 626 1214 701 auhuman.

337 917 423 982 sicut
450 918 597 1001 predicta
622 918 749 1005 capella
773 922 862 1005 regia
884 925 934 985 est
958 925 994 985 et
1018 940 1148 1004 semper
1170 922 1249 1000 init,
1262 926 1296 985 et
1321 919 1425 985 eciam
1447 919 1526 1003 quia
1540 938 1651 983 omues
1664 922 1700 983 et
1714 917 1838 1004 singuli

338 1004 525 1089 parochiani
541 1007 692 1087 villarum
707 1013 739 1072 et
755 1006 979 1092 parochiarum
996 1009 1218 1093 predictarum
1232 1009 1319 1073 intra
1332 1008 1528 1071 decanatum
1544 1006 1729 1091 predictum
1744 1013 1836 1071 extra

338 1095 464 1157 dictum
491 1094 631 1178 burgum
659 1096 814 1160 sciturum
828 1096 990 1179 sepeliunt
1005 1103 1149 1160 mortuos
1173 1116 1247 1160 suos
1272 1098 1308 1159 in
1331 1096 1469 1159 ecclesia
1486 1100 1521 1158 et
1536 1095 1698 1158 cimiterio
1715 1094 1835 1163 Sauum

338 1182 517 1248 Baarrrurtr
532 1182 618 1245 infra
631 1182 771 1268 burgum
799 1184 991 1265 predictum,
1007 1204 1048 1246 ex
1063 1185 1201 1265 antiqua
1223 1190 1258 1247 et
1280 1182 1460 1268 approbata
1473 1181 1707 1246 consuetudine
1720 1188 1755 1245 et
1768 1202 1833 1245 non

338 1270 372 1330 in
387 1269 521 1333 ecclesia
535 1276 570 1333 ct
584 1270 747 1333 cimiterio
762 1270 874 1335 Basra
890 1271 1015 1351 Meam,
1031 1270 1153 1355 capelle
1168 1273 1259 1356 regie
1273 1271 1430 1354 predicte,
1447 1270 1502 1333 ubi
1519 1288 1631 1333 omnes
1652 1276 1686 1333 et
1712 1270 1835 1353 singuli

337 1352 526 1438 parochiani
541 1356 625 1419 infra
646 1357 772 1421 dictum
795 1357 934 1443 burgum
957 1358 1180 1422 inhabitantes
1200 1380 1238 1422 ex
1254 1358 1430 1442 approbata
1444 1358 1678 1420 consuetudine
1693 1363 1836 1419 mortuos

338 1463 412 1506 suos
435 1444 572 1528 sepelire
598 1450 843 1510 consueverunt.
890 1446 934 1509 Et
960 1447 1007 1509 sic
1030 1467 1070 1509 ex
1095 1446 1249 1529 predictis
1276 1445 1448 1510 manifeste
1474 1450 1567 1528 patet
1581 1444 1667 1529 quod
1690 1445 1836 1525 predicta

338 1530 461 1614 capella
484 1532 572 1615 regia
597 1532 682 1595 infra
708 1532 834 1595 dictum
860 1533 1000 1618 burgum
1027 1534 1109 1596 scita
1132 1539 1166 1597 et
1189 1534 1255 1597 alie
1281 1533 1403 1615 capelle
1418 1532 1563 1614 predicte
1577 1532 1736 1594 forinsece
1750 1530 1837 1593 intra

338 1618 463 1681 dictum
478 1618 675 1682 decanatum
699 1621 838 1683 scitante
861 1628 939 1685 sunt
960 1619 1089 1684 diverse
1112 1621 1234 1704 capelle
1256 1622 1323 1683 sive
1348 1620 1481 1683 ecclesie
1507 1616 1706 1703 parochiales
1731 1624 1763 1682 et
1790 1619 1836 1681 sic

337 1705 464 1769 diverse
488 1704 639 1787 parochie
664 1705 858 1771 dividuntur
880 1706 966 1771 infra
990 1707 1117 1771 dictum
1143 1708 1283 1791 burgum
1308 1713 1341 1770 et
1364 1713 1456 1771 extra
1478 1712 1512 1771 et
1535 1725 1601 1768 uon
1616 1710 1694 1769 sunt
1715 1726 1780 1768 una
1801 1710 1837 1768 et

337 1791 449 1856 eadem
462 1792 613 1876 parochia
626 1792 714 1857 inira
727 1793 922 1858 decanatum
945 1795 1128 1878 predictum
1151 1815 1216 1858 non
1242 1795 1394 1859 obstante
1416 1793 1504 1878 quod
1530 1812 1641 1857 omnes
1665 1798 1702 1857 et
1714 1792 1836 1877 singuli

336 1877 522 1962 parochiani
543 1881 630 1945 inira
653 1880 778 1946 dictum
803 1881 998 1946 decanatum
1024 1888 1160 1947 suntet
1185 1903 1312 1966 semper
1335 1883 1468 1945 fuerunt
1491 1881 1552 1945 sub
1577 1900 1643 1944 una
1665 1884 1700 1943 et
1722 1879 1837 1944 eadem

331 1965 560 2051 jurisdictione
574 1968 735 2032 ordinaria
749 1968 881 2034 ibidem.

381 2121 426 2186 Et
441 2122 556 2186 dicunt
569 2122 655 2206 quod
670 2126 720 2186 est
734 2123 817 2187 inira
832 2124 971 2208 burgum
985 2124 1170 2207 predictum
1185 2124 1325 2208 quedam
1341 2122 1465 2206 capella
1489 2121 1608 2189 Sancus
1634 2120 1750 2188 Cannu
1774 2142 1838 2208 que

337 2214 388 2274 est
413 2209 553 2293 parcella
579 2210 737 2294 prebende
762 2210 802 2273 de
826 2210 935 2277 Parsa
960 2211 1046 2275 infra
1071 2214 1265 2276 comitatum
1294 2210 1424 2294 Salopie
1451 2230 1516 2293 que
1531 2209 1620 2272 valet
1644 2230 1836 2292 perannum

339 2318 473 2363 venere.
519 2298 559 2360 In
575 2297 667 2381 cujus
681 2299 729 2360 rei
746 2300 974 2363 testimonium
989 2305 1054 2364 etc.

383 2486 561 2571 Inquisicio
576 2492 670 2571 capta
695 2488 782 2573 apud
810 2486 950 2553 Staffcrd
973 2490 1026 2553 die
1049 2489 1204 2553 Mercurii
1226 2490 1373 2572 proxima
1396 2493 1469 2572 post
1492 2488 1614 2551 testum
1630 2486 1838 2551 Ascencionis

336 2571 469 2638 Domini
484 2593 569 2638 anno
584 2577 675 2658 regni
692 2576 776 2660 regis
791 2576 925 2640 hienrici
937 2578 1021 2641 sexti
1033 2581 1125 2640 sexto
1137 2596 1246 2640 coram
1258 2575 1396 2639 Ricardo
1407 2576 1537 2639 Selmon
1549 2574 1589 2637 de
1599 2572 1759 2653 Moretun,
1771 2579 1837 2640 etc.

342 2666 390 2741 (ce
406 2662 524 2741 chose),
540 2682 596 2745 per
623 2669 861 2727 sacramentum
885 2662 1009 2727 Thome
1037 2662 1197 2727 lokewcd
1221 2663 1263 2726 de
1286 2662 1508 2743 Thomebury,
1533 2659 1693 2725 Johannis
1708 2660 1784 2723 Mill
1799 2663 1839 2727 de

340 2746 487 2828 Cbedull,
512 2747 673 2811 Johannis
697 2750 827 2835 Brydde
853 2752 893 2814 de
918 2750 1044 2830 eadem,
1069 2749 1235 2833 Radulphi
1258 2750 1369 2813 Vicars
1395 2751 1436 2813 de
1460 2746 1657 2823 Oaoeaewall,
1679 2745 1839 2812 Johannis

340 2832 424 2898 Coke
447 2835 487 2899 de
514 2836 606 2899 Novo
629 2836 753 2917 Castro,
780 2836 942 2921 Rcdulphi
968 2836 1130 2901 Pulesdon
1147 2838 1186 2900 de
1202 2836 1284 2917 Salt,
1310 2836 1432 2900 Thome
1447 2838 1607 2921 Oregrave
1621 2834 1661 2896 de
1676 2833 1838 2915 Bromley,

339 2920 476 2986 Roberti
492 2919 634 2986 Orchard
649 2924 689 2987 de
704 2923 910 3008 Myllewych,
924 2924 1082 2988 Johannis
1097 2924 1239 2987 Bethum
1254 2923 1293 2987 de
1308 2923 1489 3007 Penkrych,
1510 2921 1640 2987 Ricardi
1657 2920 1781 2986 Wodde
1797 2925 1839 2988 de

340 3008 557 3093 Smethewylx,
585 3010 743 3075 Johannis
767 3012 878 3075 Hethe
905 3012 946 3075 de
972 3010 1062 3095 Lych
1071 3008 1186 3097 [feld],
1207 3011 1366 3075 Johannis
1391 3020 1427 3075 at
1450 3012 1532 3075 Zate
1556 3010 1597 3074 de
1623 3005 1712 3091 Lych
1722 3006 1837 3098 [feld]‚

333 3096 532 3179 juratorum,
547 3099 604 3182 qui
618 3098 736 3162 dicunt
752 3119 847 3183 super
861 3104 1102 3163 sacramentum
1118 3118 1214 3162 suum
1228 3098 1314 3182 quod
1325 3123 1379 3164 :—

382 3285 527 3350 Ecclesia
553 3287 745 3371 parochialis
769 3287 883 3353 Barsa
910 3287 1023 3353 Maura
1048 3288 1263 3367 Semnonum,
1278 3290 1486 3372 appropriata
1509 3290 1631 3352 decano
1645 3294 1681 3352 et
1694 3288 1841 3371 capitulo

340 3372 485 3456 ejusdem
512 3375 653 3438 scituata
676 3374 760 3437 infra
784 3374 923 3459 burgum
952 3375 1158 3441 Surssoaurn
1173 3376 1214 3439 sd
1229 3395 1438 3459 suppremum
1454 3382 1489 3439 et
1503 3376 1684 3440 maximum
1699 3376 1840 3440 valorem

339 3460 523 3524 extenditur
538 3481 595 3545 per
609 3478 732 3525 annum
747 3462 788 3525 ad
805 3482 966 3525 summam
976 3463 1102 3547 „viginti
1117 3465 1153 3528 li.
1169 3462 1255 3526 ultra
1268 3467 1437 3527 extentam
1459 3464 1694 3547 prebendarum
1715 3462 1841 3545 prefate

338 3548 470 3611 ecclesie
485 3568 683 3612 annexarum
698 3549 783 3611 infra
798 3547 992 3612 decanatum
1007 3549 1132 3613 ibidem
1147 3554 1239 3613 extra
1253 3550 1393 3632 burgum
1419 3552 1604 3633 predictum
1626 3551 1841 3614 existencium

338 3655 412 3696 cum
428 3634 582 3699 membris
598 3636 721 3718 prefate
737 3635 870 3699 ecclesie
885 3638 1022 3700 annexis
1037 3637 1190 3700 videlicet
1204 3658 1280 3700 cum
1296 3639 1597 3718 Fortunarum,
1611 3639 1840 3716 Tisamenus,

338 3728 373 3785 et
389 3722 588 3802 Waaasrorq
600 3744 663 3807 que
678 3728 756 3787 suut
770 3723 910 3807 parcella
925 3725 1050 3807 prefate
1065 3724 1199 3789 ecclesie
1213 3724 1299 3788 inira
1314 3726 1454 3807 burgum
1469 3727 1653 3808 predictum
1668 3726 1818 3791 scitmrte.

382 3868 528 3932 Ecclesia
541 3870 582 3933 de
598 3870 783 3935 Ruccnuar
798 3873 876 3934 aute
891 3871 1092 3955 quindenam
1107 3871 1286 3955 predictam
1302 3891 1366 3935 non
1381 3872 1564 3938 taxabatur.

382 4014 529 4079 Ecclesia
544 4014 585 4079 de
602 4015 758 4083 Oaauoxa
773 4019 850 4078 ante
867 4016 1069 4099 quindenam
1083 4016 1265 4098 predictam
1281 4037 1346 4079 non
1362 4016 1544 4083 taxabatur.

382 4156 526 4219 Ecclesia
540 4156 581 4220 de
597 4158 782 4224 Franwaun
797 4162 875 4222 ante
891 4158 1088 4244 quindenam
1103 4158 1287 4242 predictam
1301 4179 1366 4222 non
1381 4156 1564 4222 taxabatur.

379 4300 526 4364 Ecclesia
541 4300 579 4364 de
596 4300 728 4370 Consors
745 4306 821 4367 ante
838 4303 1037 4388 quindenam
1052 4303 1233 4388 predictam
1247 4324 1312 4367 non
1328 4303 1512 4367 taxabatur.

381 4444 525 4507 Ecclesia
539 4444 580 4508 de
596 4446 708 4514 Gneus
723 4450 799 4510 aute
814 4446 1011 4531 quindenam
1027 4447 1206 4531 predictam
1221 4468 1288 4511 non
1303 4447 1487 4512 taxabatur.

384 4589 527 4655 Ecclesia
541 4591 582 4655 de
598 4592 764 4657 Hoaacau
781 4598 857 4657 ante
872 4594 1068 4678 quindenam
1083 4596 1265 4678 predictam
1278 4615 1343 4658 non
1360 4574 1541 4660 taxabatur‘.

383 4737 524 4801 Ecclesia
541 4738 581 4802 de
598 4741 736 4806 Rounsr
751 4746 828 4805 ante
843 4741 1045 4827 quindenam
1060 4744 1241 4826 predictam
1258 4763 1321 4806 uon
1339 4742 1521 4807 taxabatur.

382 4885 526 4951 Ecclesia
541 4887 581 4952 de
597 4890 776 4955 Ascurum
791 4896 868 4954 ante
884 4892 1084 4976 quindenam
1100 4893 1279 4975 predictam
1295 4912 1360 4956 non
1374 4891 1557 4955 taxabatur.

381 5028 424 5093 Et
439 5030 524 5114 quod
541 5038 619 5109 suxit
633 5040 706 5097 octo
721 5054 854 5117 persone
868 5034 1094 5101 inhabitantes
1109 5038 1277 5101 domicilia
1291 5042 1443 5101 tenentes
1461 5036 1546 5100 inira
1568 5032 1752 5120 parochiam
1773 5035 1842 5099 sive

338 5116 504 5181 ecclesiam
533 5120 574 5182 de
599 5120 817 5189 Wamcanun
844 5122 929 5187 infra
958 5125 1155 5189 decanatum
1185 5124 1359 5189 Staffordie
1387 5130 1421 5187 et
1450 5143 1516 5187 nou
1545 5122 1664 5205 plures,
1688 5122 1841 5187 videlicet

337 5202 478 5267 'l'bomas
507 5206 608 5289 Tylle,
638 5206 778 5273 Thomas
808 5209 978 5293 Heyward,
1003 5212 1187 5276 Willelmus
1216 5211 1344 5291 Bawde,
1368 5209 1508 5275 Thomas
1536 5209 1632 5287 Pare,
1659 5208 1841 5273 Willelmus

337 5288 535 5375 Halfehyde,
549 5292 712 5358 lohannes
734 5296 775 5359 de
799 5296 953 5377 overton,
966 5299 1135 5363 Johannes
1150 5298 1250 5379 Ieek,
1264 5306 1299 5363 et
1321 5297 1500 5362 Nicholaus
1520 5297 1729 5361 Walsheman
1749 5304 1842 5360 extra

340 5374 464 5443 dictum
480 5380 619 5467 burgum
635 5384 820 5449 existentes.
