<?xml version="1.0" encoding="UTF-8"?>
<!DOCTYPE html PUBLIC "-//W3C//DTD XHTML 1.0 Transitional//EN"
    "http://www.w3.org/TR/xhtml1/DTD/xhtml1-transitional.dtd">
<html xmlns="http://www.w3.org/1999/xhtml" xml:lang="en" lang="en">
 <head>
  <title>
</title>
<meta http-equiv="Content-Type" content="text/html;charset=utf-8" />
  <meta name='ocr-system' content='tesseract 3.04.00' />
  <meta name='ocr-capabilities' content='ocr_page ocr_carea ocr_par ocr_line ocrx_word'/>
</head>
<body>
  <div class='ocr_page' id='page_1' title='image "./inquisitionsand03offigoog_0316.png"; bbox 0 0 4092 6117; ppageno 0'>
   <div class='ocr_carea' id='block_1_1' title="bbox 285 545 1181 614">
    <p class='ocr_par' dir='ltr' id='par_1_1' title="bbox 285 545 1181 614">
     <span class='ocr_line' id='line_1_1' title="bbox 285 545 1181 614; baseline -0.015 8"><span class='ocrx_word' id='word_1_1' title='bbox 285 547 350 610; x_wconf 80' lang='lat'>300</span> <span class='ocrx_word' id='word_1_2' title='bbox 892 545 1181 614; x_wconf 76' lang='lat' dir='ltr'>WOROESTER.</span> 
     </span>
    </p>
   </div>
   <div class='ocr_carea' id='block_1_2' title="bbox 285 821 1783 918">
    <p class='ocr_par' dir='ltr' id='par_1_2' title="bbox 285 821 1783 918">
     <span class='ocr_line' id='line_1_2' title="bbox 285 821 1783 918; baseline -0.001 -24"><span class='ocrx_word' id='word_1_3' title='bbox 285 833 471 915; x_wconf 91' lang='lat' dir='ltr'>predictum</span> <span class='ocrx_word' id='word_1_4' title='bbox 494 832 587 895; x_wconf 88' lang='lat' dir='ltr'>nobis</span> <span class='ocrx_word' id='word_1_5' title='bbox 612 833 825 916; x_wconf 90' lang='lat' dir='ltr'>prestandum</span> <span class='ocrx_word' id='word_1_6' title='bbox 850 834 915 896; x_wconf 91' lang='lat' dir='ltr'>nisi</span> <span class='ocrx_word' id='word_1_7' title='bbox 939 855 996 918; x_wconf 91' lang='lat' dir='ltr'>pro</span> <span class='ocrx_word' id='word_1_8' title='bbox 1020 821 1276 918; x_wconf 74' lang='lat' dir='ltr'>rata&#39;porcionis</span> <span class='ocrx_word' id='word_1_9' title='bbox 1302 833 1343 897; x_wconf 85' lang='lat' dir='ltr'>ad</span> <span class='ocrx_word' id='word_1_10' title='bbox 1366 854 1462 918; x_wconf 91' lang='lat' dir='ltr'>quam</span> <span class='ocrx_word' id='word_1_11' title='bbox 1485 836 1618 896; x_wconf 89' lang='lat' dir='ltr'>tenetur</span> <span class='ocrx_word' id='word_1_12' title='bbox 1631 835 1664 894; x_wconf 89' lang='lat' dir='ltr'>et</span> <span class='ocrx_word' id='word_1_13' title='bbox 1689 835 1783 914; x_wconf 88' lang='lat' dir='ltr'>prout</span> 
     </span>
    </p>
   </div>
   <div class='ocr_carea' id='block_1_3' title="bbox 286 919 1784 1180">
    <p class='ocr_par' dir='ltr' id='par_1_3' title="bbox 286 919 1784 1180">
     <span class='ocr_line' id='line_1_3' title="bbox 286 919 1784 1004; baseline 0 -24"><span class='ocrx_word' id='word_1_14' title='bbox 286 921 443 984; x_wconf 88' lang='lat' dir='ltr'>hactenus</span> <span class='ocrx_word' id='word_1_15' title='bbox 457 921 492 982; x_wconf 91' lang='lat' dir='ltr'>in</span> <span class='ocrx_word' id='word_1_16' title='bbox 507 940 583 982; x_wconf 89' lang='lat' dir='ltr'>casu</span> <span class='ocrx_word' id='word_1_17' title='bbox 597 921 757 983; x_wconf 83' lang='lat' dir='ltr'>consimili</span> <span class='ocrx_word' id='word_1_18' title='bbox 773 920 844 983; x_wconf 90' lang='lat' dir='ltr'>fieri</span> <span class='ocrx_word' id='word_1_19' title='bbox 858 923 1027 985; x_wconf 89' lang='lat' dir='ltr'>consuevit</span> <span class='ocrx_word' id='word_1_20' title='bbox 1041 922 1224 986; x_wconf 89' lang='lat' dir='ltr'>nullatenus</span> <span class='ocrx_word' id='word_1_21' title='bbox 1238 921 1453 1004; x_wconf 87' lang='lat' dir='ltr'>compellatis.</span> <span class='ocrx_word' id='word_1_22' title='bbox 1487 919 1532 983; x_wconf 83' lang='lat' dir='ltr'>Et</span> <span class='ocrx_word' id='word_1_23' title='bbox 1546 919 1784 983; x_wconf 77' lang='lat' dir='ltr'>districtionem</span> 
     </span>
     <span class='ocr_line' id='line_1_4' title="bbox 286 1005 1784 1092; baseline -0.001 -23"><span class='ocrx_word' id='word_1_24' title='bbox 286 1008 426 1089; x_wconf 89' lang='lat' dir='ltr'>siquam</span> <span class='ocrx_word' id='word_1_25' title='bbox 440 1007 468 1070; x_wconf 92' lang='lat' dir='ltr'>ei</span> <span class='ocrx_word' id='word_1_26' title='bbox 485 1007 606 1091; x_wconf 87' lang='lat' dir='ltr'>injuste</span> <span class='ocrx_word' id='word_1_27' title='bbox 621 1006 763 1070; x_wconf 81' lang='lat' dir='ltr'>feceritis</span> <span class='ocrx_word' id='word_1_28' title='bbox 778 1009 814 1069; x_wconf 93' lang='lat' dir='ltr'>in</span> <span class='ocrx_word' id='word_1_29' title='bbox 828 1007 890 1070; x_wconf 92' lang='lat' dir='ltr'>bac</span> <span class='ocrx_word' id='word_1_30' title='bbox 915 1015 1009 1092; x_wconf 89' lang='lat' dir='ltr'>parte</span> <span class='ocrx_word' id='word_1_31' title='bbox 1033 1010 1102 1072; x_wconf 89' lang='lat' dir='ltr'>sine</span> <span class='ocrx_word' id='word_1_32' title='bbox 1118 1009 1276 1072; x_wconf 88' lang='lat' dir='ltr'>dilacione</span> <span class='ocrx_word' id='word_1_33' title='bbox 1290 1007 1442 1072; x_wconf 80' lang='lat' dir='ltr'>relaxetis</span> <span class='ocrx_word' id='word_1_34' title='bbox 1456 1007 1576 1071; x_wconf 88' lang='lat' dir='ltr'>eidem.</span> <span class='ocrx_word' id='word_1_35' title='bbox 1621 1005 1716 1070; x_wconf 84' lang='lat' dir='ltr'>Teste</span> <span class='ocrx_word' id='word_1_36' title='bbox 1731 1024 1784 1068; x_wconf 92' lang='lat' dir='ltr'>me</span> 
     </span>
     <span class='ocr_line' id='line_1_5' title="bbox 286 1093 1541 1180; baseline 0.002 -25"><span class='ocrx_word' id='word_1_37' title='bbox 286 1095 357 1176; x_wconf 90' lang='lat' dir='ltr'>ipso</span> <span class='ocrx_word' id='word_1_38' title='bbox 371 1095 458 1176; x_wconf 92' lang='lat' dir='ltr'>apud</span> <span class='ocrx_word' id='word_1_39' title='bbox 474 1093 646 1178; x_wconf 80' lang='lat' dir='ltr'>Stryvelyn</span> <span class='ocrx_word' id='word_1_40' title='bbox 662 1096 707 1180; x_wconf 86' lang='lat' dir='ltr'>vj.</span> <span class='ocrx_word' id='word_1_41' title='bbox 724 1096 778 1158; x_wconf 90' lang='lat' dir='ltr'>die</span> <span class='ocrx_word' id='word_1_42' title='bbox 791 1094 812 1157; x_wconf 91' lang='lat' dir='ltr'>J</span> <span class='ocrx_word' id='word_1_43' title='bbox 815 1096 875 1158; x_wconf 92' lang='lat' dir='ltr'>ulii</span> <span class='ocrx_word' id='word_1_44' title='bbox 889 1115 974 1159; x_wconf 89' lang='lat' dir='ltr'>anno</span> <span class='ocrx_word' id='word_1_45' title='bbox 988 1097 1083 1180; x_wconf 92' lang='lat' dir='ltr'>regni</span> <span class='ocrx_word' id='word_1_46' title='bbox 1098 1099 1200 1159; x_wconf 87' lang='lat' dir='ltr'>nostri</span> <span class='ocrx_word' id='word_1_47' title='bbox 1214 1096 1376 1158; x_wconf 87' lang='lat' dir='ltr'>tricesimo</span> <span class='ocrx_word' id='word_1_48' title='bbox 1390 1094 1541 1158; x_wconf 88' lang='lat' dir='ltr'>secundo.</span> 
     </span>
    </p>
   </div>
   <div class='ocr_carea' id='block_1_4' title="bbox 284 1255 1786 2039">
    <p class='ocr_par' dir='ltr' id='par_1_4' title="bbox 284 1255 1786 2039">
     <span class='ocr_line' id='line_1_6' title="bbox 331 1255 1786 1337; baseline 0.001 -19"><span class='ocrx_word' id='word_1_49' title='bbox 331 1257 506 1320; x_wconf 84' lang='lat' dir='ltr'>Edwardus</span> <span class='ocrx_word' id='word_1_50' title='bbox 542 1262 605 1321; x_wconf 83' lang='lat' dir='ltr'>ete.</span> <span class='ocrx_word' id='word_1_51' title='bbox 640 1263 687 1337; x_wconf 82' lang='lat' dir='ltr'>(aa</span> <span class='ocrx_word' id='word_1_52' title='bbox 716 1260 836 1336; x_wconf 81' lang='lat' dir='ltr'>above).</span> <span class='ocrx_word' id='word_1_53' title='bbox 858 1299 862 1306; x_wconf 93' lang='lat'>-</span> <span class='ocrx_word' id='word_1_54' title='bbox 881 1257 1035 1320; x_wconf 88' lang='lat' dir='ltr'>Volentes</span> <span class='ocrx_word' id='word_1_55' title='bbox 1071 1258 1192 1320; x_wconf 92' lang='lat' dir='ltr'>dilecto</span> <span class='ocrx_word' id='word_1_56' title='bbox 1230 1261 1265 1320; x_wconf 91' lang='lat' dir='ltr'>et</span> <span class='ocrx_word' id='word_1_57' title='bbox 1301 1257 1392 1320; x_wconf 84' lang='lat' dir='ltr'>fideli</span> <span class='ocrx_word' id='word_1_58' title='bbox 1429 1261 1539 1320; x_wconf 88' lang='lat' dir='ltr'>nostro</span> <span class='ocrx_word' id='word_1_59' title='bbox 1575 1255 1717 1321; x_wconf 89' lang='lat' dir='ltr'>Johanni</span> <span class='ocrx_word' id='word_1_60' title='bbox 1745 1257 1786 1320; x_wconf 88' lang='lat' dir='ltr'>de</span> 
     </span>
     <span class='ocr_line' id='line_1_7' title="bbox 288 1345 1784 1429; baseline -0.001 -21"><span class='ocrx_word' id='word_1_61' title='bbox 288 1391 683 1408; x_wconf 87' lang='grc'><strong>........</strong></span> <span class='ocrx_word' id='word_1_62' title='bbox 705 1348 761 1429; x_wconf 93' lang='lat' dir='ltr'>qui</span> <span class='ocrx_word' id='word_1_63' title='bbox 776 1346 943 1408; x_wconf 85' lang='lat' dir='ltr'>nobiscum</span> <span class='ocrx_word' id='word_1_64' title='bbox 958 1345 993 1406; x_wconf 95' lang='lat' dir='ltr'>in</span> <span class='ocrx_word' id='word_1_65' title='bbox 1005 1345 1194 1427; x_wconf 85' lang='lat' dir='ltr'>obsequium</span> <span class='ocrx_word' id='word_1_66' title='bbox 1206 1350 1354 1407; x_wconf 92' lang='lat' dir='ltr'>nostrum</span> <span class='ocrx_word' id='word_1_67' title='bbox 1369 1365 1427 1428; x_wconf 91' lang='lat' dir='ltr'>per</span> <span class='ocrx_word' id='word_1_68' title='bbox 1441 1349 1626 1428; x_wconf 88' lang='lat' dir='ltr'>preceptum</span> <span class='ocrx_word' id='word_1_69' title='bbox 1637 1351 1784 1408; x_wconf 89' lang='lat' dir='ltr'>nostrum</span> 
     </span>
     <span class='ocr_line' id='line_1_8' title="bbox 286 1431 1785 1516; baseline 0.001 -24"><span class='ocrx_word' id='word_1_70' title='bbox 286 1431 328 1492; x_wconf 93' lang='lat' dir='ltr'>ad</span> <span class='ocrx_word' id='word_1_71' title='bbox 356 1437 479 1494; x_wconf 86' lang='lat' dir='ltr'>nostras</span> <span class='ocrx_word' id='word_1_72' title='bbox 508 1436 616 1514; x_wconf 90' lang='lat' dir='ltr'>partes</span> <span class='ocrx_word' id='word_1_73' title='bbox 639 1433 749 1495; x_wconf 87' lang='lat' dir='ltr'>Scocie</span> <span class='ocrx_word' id='word_1_74' title='bbox 774 1439 826 1495; x_wconf 93' lang='lat' dir='ltr'>est</span> <span class='ocrx_word' id='word_1_75' title='bbox 854 1431 1055 1513; x_wconf 86' lang='lat' dir='ltr'>proiecturus</span> <span class='ocrx_word' id='word_1_76' title='bbox 1084 1433 1226 1514; x_wconf 87' lang='lat' dir='ltr'>graciam</span> <span class='ocrx_word' id='word_1_77' title='bbox 1252 1433 1357 1495; x_wconf 84' lang='lat' dir='ltr'>facere</span> <span class='ocrx_word' id='word_1_78' title='bbox 1382 1432 1554 1516; x_wconf 83' lang='lat' dir='ltr'>specialem</span> <span class='ocrx_word' id='word_1_79' title='bbox 1580 1433 1727 1496; x_wconf 88' lang='lat' dir='ltr'>dedimus</span> <span class='ocrx_word' id='word_1_80' title='bbox 1752 1432 1785 1494; x_wconf 86' lang='lat' dir='ltr'>ei</span> 
     </span>
     <span class='ocr_line' id='line_1_9' title="bbox 286 1517 1784 1603; baseline 0.001 -24"><span class='ocrx_word' id='word_1_81' title='bbox 286 1524 467 1602; x_wconf 90' lang='lat' dir='ltr'>respectum</span> <span class='ocrx_word' id='word_1_82' title='bbox 482 1538 584 1600; x_wconf 87' lang='lat' dir='ltr'>usqne</span> <span class='ocrx_word' id='word_1_83' title='bbox 598 1518 640 1582; x_wconf 90' lang='lat' dir='ltr'>ad</span> <span class='ocrx_word' id='word_1_84' title='bbox 654 1519 774 1582; x_wconf 76' lang='lat' dir='ltr'>testum</span> <span class='ocrx_word' id='word_1_85' title='bbox 789 1519 901 1583; x_wconf 85' lang='lat' dir='ltr'>Sancti</span> <span class='ocrx_word' id='word_1_86' title='bbox 915 1517 1089 1581; x_wconf 88' lang='lat' dir='ltr'>Michaelis</span> <span class='ocrx_word' id='word_1_87' title='bbox 1111 1520 1255 1602; x_wconf 84' lang='lat' dir='ltr'>proximo</span> <span class='ocrx_word' id='word_1_88' title='bbox 1277 1520 1423 1582; x_wconf 86' lang='lat' dir='ltr'>futurum</span> <span class='ocrx_word' id='word_1_89' title='bbox 1439 1520 1479 1581; x_wconf 91' lang='lat' dir='ltr'>de</span> <span class='ocrx_word' id='word_1_90' title='bbox 1494 1519 1616 1582; x_wconf 87' lang='lat' dir='ltr'>auxilio</span> <span class='ocrx_word' id='word_1_91' title='bbox 1639 1519 1784 1603; x_wconf 88' lang='lat' dir='ltr'>predicto</span> 
     </span>
     <span class='ocr_line' id='line_1_10' title="bbox 286 1603 1783 1690; baseline 0.001 -23"><span class='ocrx_word' id='word_1_92' title='bbox 286 1605 394 1688; x_wconf 92' lang='lat' dir='ltr'>ipsum</span> <span class='ocrx_word' id='word_1_93' title='bbox 423 1626 482 1688; x_wconf 92' lang='lat' dir='ltr'>pro</span> <span class='ocrx_word' id='word_1_94' title='bbox 510 1603 613 1669; x_wconf 84' lang='lat' dir='ltr'>feodis</span> <span class='ocrx_word' id='word_1_95' title='bbox 642 1627 704 1690; x_wconf 89' lang='lat' dir='ltr'>que</span> <span class='ocrx_word' id='word_1_96' title='bbox 733 1612 825 1670; x_wconf 90' lang='lat' dir='ltr'>tenet</span> <span class='ocrx_word' id='word_1_97' title='bbox 853 1608 888 1668; x_wconf 92' lang='lat' dir='ltr'>in</span> <span class='ocrx_word' id='word_1_98' title='bbox 925 1607 1085 1670; x_wconf 85' lang='lat' dir='ltr'>comitatu</span> <span class='ocrx_word' id='word_1_99' title='bbox 1122 1607 1268 1690; x_wconf 90' lang='lat' dir='ltr'>predicto</span> <span class='ocrx_word' id='word_1_100' title='bbox 1304 1627 1361 1690; x_wconf 92' lang='lat' dir='ltr'>per</span> <span class='ocrx_word' id='word_1_101' title='bbox 1395 1607 1565 1669; x_wconf 87' lang='lat' dir='ltr'>servicium</span> <span class='ocrx_word' id='word_1_102' title='bbox 1603 1607 1783 1690; x_wconf 89' lang='lat' dir='ltr'>predictum</span> 
     </span>
     <span class='ocr_line' id='line_1_11' title="bbox 287 1690 1785 1779; baseline -0.001 -25"><span class='ocrx_word' id='word_1_103' title='bbox 287 1693 496 1775; x_wconf 83' lang='lat' dir='ltr'>contingente</span> <span class='ocrx_word' id='word_1_104' title='bbox 524 1693 618 1756; x_wconf 90' lang='lat' dir='ltr'>nobis</span> <span class='ocrx_word' id='word_1_105' title='bbox 647 1696 829 1776; x_wconf 85' lang='lat' dir='ltr'>prestando.</span> <span class='ocrx_word' id='word_1_106' title='bbox 875 1694 920 1757; x_wconf 87' lang='lat' dir='ltr'>Et</span> <span class='ocrx_word' id='word_1_107' title='bbox 949 1695 1024 1756; x_wconf 89' lang='lat' dir='ltr'>ideo</span> <span class='ocrx_word' id='word_1_108' title='bbox 1049 1693 1140 1756; x_wconf 93' lang='lat' dir='ltr'>vobis</span> <span class='ocrx_word' id='word_1_109' title='bbox 1169 1693 1360 1756; x_wconf 88' lang='lat' dir='ltr'>mandamus</span> <span class='ocrx_word' id='word_1_110' title='bbox 1389 1694 1476 1779; x_wconf 90' lang='lat' dir='ltr'>quod</span> <span class='ocrx_word' id='word_1_111' title='bbox 1505 1694 1610 1757; x_wconf 89' lang='lat' dir='ltr'>eidem</span> <span class='ocrx_word' id='word_1_112' title='bbox 1641 1690 1785 1757; x_wconf 85' lang='lat' dir='ltr'>Johanni</span> 
     </span>
     <span class='ocr_line' id='line_1_12' title="bbox 285 1777 1784 1864; baseline -0.001 -22"><span class='ocrx_word' id='word_1_113' title='bbox 285 1788 469 1863; x_wconf 89' lang='lat' dir='ltr'>respectum</span> <span class='ocrx_word' id='word_1_114' title='bbox 483 1779 578 1842; x_wconf 91' lang='lat' dir='ltr'>illum</span> <span class='ocrx_word' id='word_1_115' title='bbox 593 1777 712 1843; x_wconf 85' lang='lat' dir='ltr'>babere</span> <span class='ocrx_word' id='word_1_116' title='bbox 727 1781 866 1844; x_wconf 88' lang='lat' dir='ltr'>faciatis.</span> <span class='ocrx_word' id='word_1_117' title='bbox 910 1781 954 1845; x_wconf 84' lang='lat' dir='ltr'>Et</span> <span class='ocrx_word' id='word_1_118' title='bbox 976 1780 1214 1844; x_wconf 82' lang='lat' dir='ltr'>districtionem</span> <span class='ocrx_word' id='word_1_119' title='bbox 1238 1781 1386 1864; x_wconf 91' lang='lat' dir='ltr'>siquam</span> <span class='ocrx_word' id='word_1_120' title='bbox 1409 1801 1447 1843; x_wconf 89' lang='lat' dir='ltr'>ea</span> <span class='ocrx_word' id='word_1_121' title='bbox 1462 1783 1627 1843; x_wconf 87' lang='lat' dir='ltr'>occasione</span> <span class='ocrx_word' id='word_1_122' title='bbox 1642 1779 1784 1843; x_wconf 86' lang='lat' dir='ltr'>feceritis</span> 
     </span>
     <span class='ocr_line' id='line_1_13' title="bbox 285 1865 1784 1954; baseline 0 -26"><span class='ocrx_word' id='word_1_123' title='bbox 285 1867 420 1931; x_wconf 88' lang='lat' dir='ltr'>interim</span> <span class='ocrx_word' id='word_1_124' title='bbox 445 1865 594 1930; x_wconf 88' lang='lat' dir='ltr'>relaxetis</span> <span class='ocrx_word' id='word_1_125' title='bbox 618 1867 737 1933; x_wconf 90' lang='lat' dir='ltr'>eidem.</span> <span class='ocrx_word' id='word_1_126' title='bbox 781 1869 878 1932; x_wconf 89' lang='lat' dir='ltr'>Teste</span> <span class='ocrx_word' id='word_1_127' title='bbox 901 1888 954 1931; x_wconf 93' lang='lat' dir='ltr'>me</span> <span class='ocrx_word' id='word_1_128' title='bbox 980 1868 1052 1950; x_wconf 90' lang='lat' dir='ltr'>ipso</span> <span class='ocrx_word' id='word_1_129' title='bbox 1075 1869 1162 1952; x_wconf 90' lang='lat' dir='ltr'>apud</span> <span class='ocrx_word' id='word_1_130' title='bbox 1188 1865 1404 1950; x_wconf 87' lang='lat' dir='ltr'>Bokesburgh</span> <span class='ocrx_word' id='word_1_131' title='bbox 1431 1868 1491 1954; x_wconf 73' lang='grc' dir='ltr'>ιιι]ο</span> <span class='ocrx_word' id='word_1_132' title='bbox 1513 1867 1567 1931; x_wconf 91' lang='lat' dir='ltr'>die</span> <span class='ocrx_word' id='word_1_133' title='bbox 1591 1866 1676 1930; x_wconf 88' lang='lat' dir='ltr'>Maii</span> <span class='ocrx_word' id='word_1_134' title='bbox 1698 1885 1784 1928; x_wconf 89' lang='lat' dir='ltr'>anno</span> 
     </span>
     <span class='ocr_line' id='line_1_14' title="bbox 284 1954 807 2039; baseline 0.006 -23"><span class='ocrx_word' id='word_1_135' title='bbox 284 1956 377 2039; x_wconf 81' lang='lat' dir='ltr'>regin</span> <span class='ocrx_word' id='word_1_136' title='bbox 393 1955 496 2017; x_wconf 90' lang='lat' dir='ltr'>nostri</span> <span class='ocrx_word' id='word_1_137' title='bbox 511 1954 676 2018; x_wconf 89' lang='lat' dir='ltr'>tricesimo</span> <span class='ocrx_word' id='word_1_138' title='bbox 691 1957 807 2038; x_wconf 91' lang='lat' dir='ltr'>primo.</span> 
     </span>
    </p>
   </div>
   <div class='ocr_carea' id='block_1_5' title="bbox 286 2114 1787 2551">
    <p class='ocr_par' dir='ltr' id='par_1_5' title="bbox 286 2114 1787 2551">
     <span class='ocr_line' id='line_1_15' title="bbox 331 2114 1785 2198; baseline 0 -21"><span class='ocrx_word' id='word_1_139' title='bbox 331 2115 506 2178; x_wconf 82' lang='lat' dir='ltr'>Edwardus</span> <span class='ocrx_word' id='word_1_140' title='bbox 521 2121 583 2180; x_wconf 86' lang='lat' dir='ltr'>etc.</span> <span class='ocrx_word' id='word_1_141' title='bbox 603 2121 651 2196; x_wconf 79' lang='lat' dir='ltr'>(aa</span> <span class='ocrx_word' id='word_1_142' title='bbox 666 2118 786 2196; x_wconf 77' lang='lat' dir='ltr'>abore).</span> <span class='ocrx_word' id='word_1_143' title='bbox 831 2118 987 2181; x_wconf 89' lang='lat' dir='ltr'>Volentes</span> <span class='ocrx_word' id='word_1_144' title='bbox 1001 2117 1121 2180; x_wconf 91' lang='lat' dir='ltr'>dilecto</span> <span class='ocrx_word' id='word_1_145' title='bbox 1136 2122 1171 2180; x_wconf 90' lang='lat' dir='ltr'>et</span> <span class='ocrx_word' id='word_1_146' title='bbox 1185 2115 1276 2180; x_wconf 85' lang='lat' dir='ltr'>fideli</span> <span class='ocrx_word' id='word_1_147' title='bbox 1299 2121 1410 2179; x_wconf 90' lang='lat' dir='ltr'>nostro</span> <span class='ocrx_word' id='word_1_148' title='bbox 1432 2115 1572 2179; x_wconf 88' lang='lat' dir='ltr'>Roberto</span> <span class='ocrx_word' id='word_1_149' title='bbox 1587 2115 1628 2181; x_wconf 88' lang='lat' dir='ltr'>de</span> <span class='ocrx_word' id='word_1_150' title='bbox 1644 2114 1785 2198; x_wconf 81' lang='lat' dir='ltr'>Olyfford</span> 
     </span>
     <span class='ocr_line' id='line_1_16' title="bbox 287 2201 1786 2288; baseline 0 -23"><span class='ocrx_word' id='word_1_151' title='bbox 287 2206 348 2266; x_wconf 91' lang='lat' dir='ltr'>etc.</span> <span class='ocrx_word' id='word_1_152' title='bbox 365 2202 423 2286; x_wconf 92' lang='lat' dir='ltr'>qui</span> <span class='ocrx_word' id='word_1_153' title='bbox 448 2203 616 2266; x_wconf 88' lang='lat' dir='ltr'>nobiscum</span> <span class='ocrx_word' id='word_1_154' title='bbox 642 2205 677 2266; x_wconf 93' lang='lat' dir='ltr'>in</span> <span class='ocrx_word' id='word_1_155' title='bbox 701 2205 852 2287; x_wconf 88' lang='lat' dir='ltr'>obsequio</span> <span class='ocrx_word' id='word_1_156' title='bbox 876 2211 987 2268; x_wconf 89' lang='lat' dir='ltr'>nostro</span> <span class='ocrx_word' id='word_1_157' title='bbox 1011 2224 1069 2288; x_wconf 87' lang='lat' dir='ltr'>per</span> <span class='ocrx_word' id='word_1_158' title='bbox 1095 2208 1287 2287; x_wconf 88' lang='lat' dir='ltr'>preceptum</span> <span class='ocrx_word' id='word_1_159' title='bbox 1301 2209 1446 2267; x_wconf 89' lang='lat' dir='ltr'>nostrum</span> <span class='ocrx_word' id='word_1_160' title='bbox 1464 2205 1498 2265; x_wconf 93' lang='lat' dir='ltr'>in</span> <span class='ocrx_word' id='word_1_161' title='bbox 1516 2202 1660 2286; x_wconf 90' lang='lat' dir='ltr'>partibus</span> <span class='ocrx_word' id='word_1_162' title='bbox 1676 2201 1786 2265; x_wconf 87' lang='lat' dir='ltr'>Scocie</span> 
     </span>
     <span class='ocr_line' id='line_1_17' title="bbox 287 2289 1787 2375; baseline 0 -23"><span class='ocrx_word' id='word_1_163' title='bbox 287 2297 432 2353; x_wconf 90' lang='lat' dir='ltr'>moratur</span> <span class='ocrx_word' id='word_1_164' title='bbox 447 2291 589 2373; x_wconf 89' lang='lat' dir='ltr'>graciam</span> <span class='ocrx_word' id='word_1_165' title='bbox 604 2291 708 2374; x_wconf 86' lang='lat' dir='ltr'>facere</span> <span class='ocrx_word' id='word_1_166' title='bbox 724 2293 910 2375; x_wconf 89' lang='lat' dir='ltr'>specialem,</span> <span class='ocrx_word' id='word_1_167' title='bbox 924 2291 1073 2356; x_wconf 87' lang='lat' dir='ltr'>dedimus</span> <span class='ocrx_word' id='word_1_168' title='bbox 1087 2293 1118 2354; x_wconf 89' lang='lat' dir='ltr'>ei</span> <span class='ocrx_word' id='word_1_169' title='bbox 1133 2297 1315 2374; x_wconf 90' lang='lat' dir='ltr'>respectum</span> <span class='ocrx_word' id='word_1_170' title='bbox 1331 2292 1489 2374; x_wconf 88' lang='lat' dir='ltr'>usquead</span> <span class='ocrx_word' id='word_1_171' title='bbox 1511 2291 1635 2353; x_wconf 88' lang='lat' dir='ltr'>festum</span> <span class='ocrx_word' id='word_1_172' title='bbox 1660 2289 1787 2352; x_wconf 87' lang='lat' dir='ltr'>Natalis</span> 
     </span>
     <span class='ocr_line' id='line_1_18' title="bbox 288 2378 1785 2462; baseline 0.001 -24"><span class='ocrx_word' id='word_1_173' title='bbox 288 2378 419 2439; x_wconf 83' lang='lat' dir='ltr'>Domini</span> <span class='ocrx_word' id='word_1_174' title='bbox 434 2379 580 2459; x_wconf 86' lang='lat' dir='ltr'>proximo</span> <span class='ocrx_word' id='word_1_175' title='bbox 595 2378 744 2441; x_wconf 84' lang='lat' dir='ltr'>futurum</span> <span class='ocrx_word' id='word_1_176' title='bbox 758 2379 798 2443; x_wconf 91' lang='lat' dir='ltr'>de</span> <span class='ocrx_word' id='word_1_177' title='bbox 820 2381 942 2443; x_wconf 85' lang='lat' dir='ltr'>auxilio</span> <span class='ocrx_word' id='word_1_178' title='bbox 964 2380 1176 2462; x_wconf 65' lang='lat' dir='ltr'>predicente</span> <span class='ocrx_word' id='word_1_179' title='bbox 1202 2381 1237 2442; x_wconf 83' lang='lat' dir='ltr'>in</span> <span class='ocrx_word' id='word_1_180' title='bbox 1260 2379 1431 2462; x_wconf 72' lang='lat' dir='ltr'>preceding</span> <span class='ocrx_word' id='word_1_181' title='bbox 1458 2381 1573 2460; x_wconf 67' lang='lat' dir='ltr'>eutr‘y).</span> <span class='ocrx_word' id='word_1_182' title='bbox 1618 2379 1716 2440; x_wconf 85' lang='lat' dir='ltr'>Teste</span> <span class='ocrx_word' id='word_1_183' title='bbox 1731 2396 1785 2439; x_wconf 91' lang='lat' dir='ltr'>me</span> 
     </span>
     <span class='ocr_line' id='line_1_19' title="bbox 286 2464 1622 2551; baseline 0.002 -25"><span class='ocrx_word' id='word_1_184' title='bbox 286 2465 358 2547; x_wconf 89' lang='lat' dir='ltr'>ipso</span> <span class='ocrx_word' id='word_1_185' title='bbox 372 2464 459 2547; x_wconf 89' lang='lat' dir='ltr'>apud</span> <span class='ocrx_word' id='word_1_186' title='bbox 476 2464 626 2527; x_wconf 85' lang='lat' dir='ltr'>Aberden</span> <span class='ocrx_word' id='word_1_187' title='bbox 641 2466 758 2551; x_wconf 83' lang='lat' dir='ltr'>xxviij⁰</span> <span class='ocrx_word' id='word_1_188' title='bbox 778 2467 831 2529; x_wconf 92' lang='lat' dir='ltr'>die</span> <span class='ocrx_word' id='word_1_189' title='bbox 846 2468 988 2551; x_wconf 84' lang='lat' dir='ltr'>Augusti</span> <span class='ocrx_word' id='word_1_190' title='bbox 1002 2485 1088 2528; x_wconf 91' lang='lat' dir='ltr'>anno</span> <span class='ocrx_word' id='word_1_191' title='bbox 1102 2467 1195 2549; x_wconf 88' lang='lat' dir='ltr'>regni</span> <span class='ocrx_word' id='word_1_192' title='bbox 1210 2467 1314 2529; x_wconf 84' lang='lat' dir='ltr'>nostri</span> <span class='ocrx_word' id='word_1_193' title='bbox 1327 2467 1492 2529; x_wconf 89' lang='lat' dir='ltr'>tricesimo</span> <span class='ocrx_word' id='word_1_194' title='bbox 1506 2465 1622 2548; x_wconf 91' lang='lat' dir='ltr'>primo.</span> 
     </span>
    </p>
   </div>
   <div class='ocr_carea' id='block_1_6' title="bbox 288 2624 1786 2885">
    <p class='ocr_par' dir='ltr' id='par_1_6' title="bbox 288 2624 1786 2885">
     <span class='ocr_line' id='line_1_20' title="bbox 330 2624 1785 2708; baseline 0 -21"><span class='ocrx_word' id='word_1_195' title='bbox 330 2625 506 2688; x_wconf 77' lang='lat' dir='ltr'>Edwardus</span> <span class='ocrx_word' id='word_1_196' title='bbox 520 2631 584 2690; x_wconf 87' lang='lat' dir='ltr'>etc.</span> <span class='ocrx_word' id='word_1_197' title='bbox 603 2630 652 2704; x_wconf 82' lang='lat' dir='ltr'>(aa</span> <span class='ocrx_word' id='word_1_198' title='bbox 666 2628 786 2704; x_wconf 77' lang='lat' dir='ltr'>abore).</span> <span class='ocrx_word' id='word_1_199' title='bbox 831 2625 983 2690; x_wconf 87' lang='lat' dir='ltr'>Volentes</span> <span class='ocrx_word' id='word_1_200' title='bbox 997 2627 1119 2689; x_wconf 89' lang='lat' dir='ltr'>dilecto</span> <span class='ocrx_word' id='word_1_201' title='bbox 1134 2631 1168 2688; x_wconf 87' lang='lat' dir='ltr'>ct</span> <span class='ocrx_word' id='word_1_202' title='bbox 1182 2625 1272 2689; x_wconf 89' lang='lat' dir='ltr'>fideli</span> <span class='ocrx_word' id='word_1_203' title='bbox 1294 2633 1404 2690; x_wconf 91' lang='lat' dir='ltr'>nostro</span> <span class='ocrx_word' id='word_1_204' title='bbox 1429 2624 1601 2708; x_wconf 89' lang='lat' dir='ltr'>Radulpho</span> <span class='ocrx_word' id='word_1_205' title='bbox 1615 2625 1655 2689; x_wconf 87' lang='lat' dir='ltr'>de</span> <span class='ocrx_word' id='word_1_206' title='bbox 1670 2625 1785 2688; x_wconf 89' lang='lat' dir='ltr'>Monte</span> 
     </span>
     <span class='ocr_line' id='line_1_21' title="bbox 288 2712 1786 2795; baseline 0.001 -22"><span class='ocrx_word' id='word_1_207' title='bbox 288 2712 436 2775; x_wconf 89' lang='lat' dir='ltr'>Hermeri</span> <span class='ocrx_word' id='word_1_208' title='bbox 449 2714 563 2776; x_wconf 91' lang='lat' dir='ltr'>comiti</span> <span class='ocrx_word' id='word_1_209' title='bbox 577 2712 782 2777; x_wconf 84' lang='lat' dir='ltr'>Gloucestrie</span> <span class='ocrx_word' id='word_1_210' title='bbox 796 2714 860 2776; x_wconf 90' lang='lat' dir='ltr'>and</span> <span class='ocrx_word' id='word_1_211' title='bbox 876 2713 1062 2777; x_wconf 82' lang='lat' dir='ltr'>Hertiordie</span> <span class='ocrx_word' id='word_1_212' title='bbox 1076 2721 1140 2778; x_wconf 90' lang='lat' dir='ltr'>etc.</span> <span class='ocrx_word' id='word_1_213' title='bbox 1168 2719 1215 2792; x_wconf 84' lang='lat' dir='ltr'>(as</span> <span class='ocrx_word' id='word_1_214' title='bbox 1241 2714 1360 2792; x_wconf 85' lang='lat' dir='ltr'>above).</span> <span class='ocrx_word' id='word_1_215' title='bbox 1406 2715 1500 2777; x_wconf 84' lang='lat' dir='ltr'>Teste</span> <span class='ocrx_word' id='word_1_216' title='bbox 1524 2733 1577 2776; x_wconf 89' lang='lat' dir='ltr'>me</span> <span class='ocrx_word' id='word_1_217' title='bbox 1603 2713 1674 2795; x_wconf 91' lang='lat' dir='ltr'>ipso</span> <span class='ocrx_word' id='word_1_218' title='bbox 1699 2712 1786 2795; x_wconf 90' lang='lat' dir='ltr'>apud</span> 
     </span>
     <span class='ocr_line' id='line_1_22' title="bbox 288 2797 1389 2885; baseline 0.004 -24"><span class='ocrx_word' id='word_1_219' title='bbox 288 2797 499 2881; x_wconf 81' lang='lat' dir='ltr'>Rokesburgh</span> <span class='ocrx_word' id='word_1_220' title='bbox 513 2800 584 2884; x_wconf 85' lang='lat' dir='ltr'>xvj⁰</span> <span class='ocrx_word' id='word_1_221' title='bbox 604 2800 658 2863; x_wconf 90' lang='lat' dir='ltr'>die</span> <span class='ocrx_word' id='word_1_222' title='bbox 673 2801 755 2863; x_wconf 89' lang='lat' dir='ltr'>Maii</span> <span class='ocrx_word' id='word_1_223' title='bbox 770 2821 854 2862; x_wconf 89' lang='lat' dir='ltr'>anno</span> <span class='ocrx_word' id='word_1_224' title='bbox 869 2801 963 2885; x_wconf 90' lang='lat' dir='ltr'>regni</span> <span class='ocrx_word' id='word_1_225' title='bbox 977 2804 1081 2864; x_wconf 88' lang='lat' dir='ltr'>nostri</span> <span class='ocrx_word' id='word_1_226' title='bbox 1095 2802 1260 2864; x_wconf 88' lang='lat' dir='ltr'>tricesimo</span> <span class='ocrx_word' id='word_1_227' title='bbox 1274 2803 1389 2883; x_wconf 91' lang='lat' dir='ltr'>primo.</span> 
     </span>
    </p>
   </div>
   <div class='ocr_carea' id='block_1_7' title="bbox 285 2949 1788 4255">
    <p class='ocr_par' dir='ltr' id='par_1_7' title="bbox 285 2949 1788 4255">
     <span class='ocr_line' id='line_1_23' title="bbox 331 2949 1787 3037; baseline 0.001 -25"><span class='ocrx_word' id='word_1_228' title='bbox 331 2950 509 3013; x_wconf 83' lang='lat' dir='ltr'>Edwardus</span> <span class='ocrx_word' id='word_1_229' title='bbox 522 2955 585 3015; x_wconf 90' lang='lat' dir='ltr'>etc.</span> <span class='ocrx_word' id='word_1_230' title='bbox 604 2967 652 3030; x_wconf 68' lang='lat' dir='ltr'>(aa</span> <span class='ocrx_word' id='word_1_231' title='bbox 667 2953 787 3032; x_wconf 84' lang='lat' dir='ltr'>above).</span> <span class='ocrx_word' id='word_1_232' title='bbox 834 2951 883 3013; x_wconf 86' lang='lat' dir='ltr'>Ex</span> <span class='ocrx_word' id='word_1_233' title='bbox 898 2953 1030 3037; x_wconf 85' lang='lat' dir='ltr'>querela</span> <span class='ocrx_word' id='word_1_234' title='bbox 1044 2953 1158 3016; x_wconf 90' lang='lat' dir='ltr'>dilecti</span> <span class='ocrx_word' id='word_1_235' title='bbox 1172 2953 1264 3015; x_wconf 90' lang='lat' dir='ltr'>nobis</span> <span class='ocrx_word' id='word_1_236' title='bbox 1278 2953 1313 3014; x_wconf 96' lang='lat' dir='ltr'>in</span> <span class='ocrx_word' id='word_1_237' title='bbox 1328 2949 1456 3016; x_wconf 83' lang='lat' dir='ltr'>Christo</span> <span class='ocrx_word' id='word_1_238' title='bbox 1482 2953 1596 3035; x_wconf 90' lang='lat' dir='ltr'>prioris</span> <span class='ocrx_word' id='word_1_239' title='bbox 1618 2953 1787 3036; x_wconf 87' lang='lat' dir='ltr'>hospitalis</span> 
     </span>
     <span class='ocr_line' id='line_1_24' title="bbox 288 3037 1786 3123; baseline 0.001 -23"><span class='ocrx_word' id='word_1_240' title='bbox 288 3037 401 3101; x_wconf 90' lang='lat' dir='ltr'>Sancti</span> <span class='ocrx_word' id='word_1_241' title='bbox 424 3037 584 3101; x_wconf 87' lang='lat' dir='ltr'>Johannis</span> <span class='ocrx_word' id='word_1_242' title='bbox 609 3038 792 3102; x_wconf 89' lang='lat' dir='ltr'>Jerusalem</span> <span class='ocrx_word' id='word_1_243' title='bbox 816 3039 851 3100; x_wconf 90' lang='lat' dir='ltr'>in</span> <span class='ocrx_word' id='word_1_244' title='bbox 867 3039 987 3122; x_wconf 83' lang='lat' dir='ltr'>Anglia</span> <span class='ocrx_word' id='word_1_245' title='bbox 1011 3040 1195 3123; x_wconf 90' lang='lat' dir='ltr'>accepimus</span> <span class='ocrx_word' id='word_1_246' title='bbox 1221 3039 1307 3123; x_wconf 93' lang='lat' dir='ltr'>quod</span> <span class='ocrx_word' id='word_1_247' title='bbox 1333 3039 1413 3102; x_wconf 89' lang='lat' dir='ltr'>licet</span> <span class='ocrx_word' id='word_1_248' title='bbox 1426 3040 1496 3122; x_wconf 88' lang='lat' dir='ltr'>ipse</span> <span class='ocrx_word' id='word_1_249' title='bbox 1510 3038 1641 3123; x_wconf 87' lang='lat' dir='ltr'>aliquod</span> <span class='ocrx_word' id='word_1_250' title='bbox 1657 3039 1786 3102; x_wconf 79' lang='lat' dir='ltr'>feodum</span> 
     </span>
     <span class='ocr_line' id='line_1_25' title="bbox 286 3124 1786 3212; baseline 0.001 -24"><span class='ocrx_word' id='word_1_251' title='bbox 286 3125 429 3188; x_wconf 84' lang='lat' dir='ltr'>militare</span> <span class='ocrx_word' id='word_1_252' title='bbox 444 3125 494 3188; x_wconf 93' lang='lat' dir='ltr'>vel</span> <span class='ocrx_word' id='word_1_253' title='bbox 508 3125 652 3210; x_wconf 89' lang='lat' dir='ltr'>aliquam</span> <span class='ocrx_word' id='word_1_254' title='bbox 667 3131 794 3208; x_wconf 87' lang='lat' dir='ltr'>partem</span> <span class='ocrx_word' id='word_1_255' title='bbox 809 3126 997 3212; x_wconf 89' lang='lat' dir='ltr'>hujusmodi</span> <span class='ocrx_word' id='word_1_256' title='bbox 1012 3127 1099 3190; x_wconf 84' lang='lat' dir='ltr'>feodi</span> <span class='ocrx_word' id='word_1_257' title='bbox 1112 3129 1147 3188; x_wconf 92' lang='lat' dir='ltr'>in</span> <span class='ocrx_word' id='word_1_258' title='bbox 1163 3130 1324 3189; x_wconf 90' lang='lat' dir='ltr'>comitatu</span> <span class='ocrx_word' id='word_1_259' title='bbox 1339 3127 1483 3208; x_wconf 83' lang='lat' dir='ltr'>predicto</span> <span class='ocrx_word' id='word_1_260' title='bbox 1498 3146 1565 3188; x_wconf 92' lang='lat' dir='ltr'>non</span> <span class='ocrx_word' id='word_1_261' title='bbox 1585 3124 1704 3189; x_wconf 87' lang='lat' dir='ltr'>habeat</span> <span class='ocrx_word' id='word_1_262' title='bbox 1725 3147 1786 3190; x_wconf 89' lang='lat' dir='ltr'>nec</span> 
     </span>
     <span class='ocr_line' id='line_1_26' title="bbox 287 3213 1785 3298; baseline 0 -22"><span class='ocrx_word' id='word_1_263' title='bbox 287 3219 389 3276; x_wconf 89' lang='lat' dir='ltr'>terras</span> <span class='ocrx_word' id='word_1_264' title='bbox 414 3213 463 3275; x_wconf 92' lang='lat' dir='ltr'>vel</span> <span class='ocrx_word' id='word_1_265' title='bbox 491 3217 682 3276; x_wconf 82' lang='lat' dir='ltr'>tenementa</span> <span class='ocrx_word' id='word_1_266' title='bbox 711 3214 820 3298; x_wconf 88' lang='lat' dir='ltr'>aliqua</span> <span class='ocrx_word' id='word_1_267' title='bbox 849 3235 906 3296; x_wconf 91' lang='lat' dir='ltr'>per</span> <span class='ocrx_word' id='word_1_268' title='bbox 934 3215 1105 3276; x_wconf 87' lang='lat' dir='ltr'>servicium</span> <span class='ocrx_word' id='word_1_269' title='bbox 1128 3214 1273 3278; x_wconf 88' lang='lat' dir='ltr'>militare</span> <span class='ocrx_word' id='word_1_270' title='bbox 1296 3218 1404 3276; x_wconf 84' lang='lat' dir='ltr'>teneat</span> <span class='ocrx_word' id='word_1_271' title='bbox 1434 3233 1490 3296; x_wconf 90' lang='lat' dir='ltr'>per</span> <span class='ocrx_word' id='word_1_272' title='bbox 1516 3214 1601 3297; x_wconf 93' lang='lat' dir='ltr'>quod</span> <span class='ocrx_word' id='word_1_273' title='bbox 1625 3213 1785 3277; x_wconf 76' lang='lat' dir='ltr'>auxilium</span> 
     </span>
     <span class='ocr_line' id='line_1_27' title="bbox 286 3299 1786 3384; baseline 0.001 -22"><span class='ocrx_word' id='word_1_274' title='bbox 286 3300 420 3383; x_wconf 90' lang='lat' dir='ltr'>aliquod</span> <span class='ocrx_word' id='word_1_275' title='bbox 434 3299 476 3362; x_wconf 93' lang='lat' dir='ltr'>ad</span> <span class='ocrx_word' id='word_1_276' title='bbox 491 3301 746 3384; x_wconf 88' lang='lat' dir='ltr'>primogenitam</span> <span class='ocrx_word' id='word_1_277' title='bbox 760 3300 864 3364; x_wconf 87' lang='lat' dir='ltr'>tiliam</span> <span class='ocrx_word' id='word_1_278' title='bbox 879 3308 1024 3364; x_wconf 91' lang='lat' dir='ltr'>nostram</span> <span class='ocrx_word' id='word_1_279' title='bbox 1038 3300 1258 3364; x_wconf 87' lang='lat' dir='ltr'>maritandam</span> <span class='ocrx_word' id='word_1_280' title='bbox 1274 3302 1397 3364; x_wconf 88' lang='lat' dir='ltr'>virtute</span> <span class='ocrx_word' id='word_1_281' title='bbox 1412 3301 1626 3364; x_wconf 89' lang='lat' dir='ltr'>concessionis</span> <span class='ocrx_word' id='word_1_282' title='bbox 1640 3301 1786 3382; x_wconf 85' lang='lat' dir='ltr'>predicte</span> 
     </span>
     <span class='ocr_line' id='line_1_28' title="bbox 287 3385 1787 3473; baseline 0.001 -24"><span class='ocrx_word' id='word_1_283' title='bbox 287 3386 392 3450; x_wconf 89' lang='lat' dir='ltr'>facere</span> <span class='ocrx_word' id='word_1_284' title='bbox 416 3392 568 3450; x_wconf 89' lang='lat' dir='ltr'>teneatur</span> <span class='ocrx_word' id='word_1_285' title='bbox 582 3407 637 3450; x_wconf 89' lang='lat' dir='ltr'>vos</span> <span class='ocrx_word' id='word_1_286' title='bbox 662 3387 798 3450; x_wconf 82' lang='lat' dir='ltr'>formam</span> <span class='ocrx_word' id='word_1_287' title='bbox 821 3389 1054 3473; x_wconf 84' lang='lat' dir='ltr'>assignacionis</span> <span class='ocrx_word' id='word_1_288' title='bbox 1079 3394 1187 3452; x_wconf 89' lang='lat' dir='ltr'>nostre</span> <span class='ocrx_word' id='word_1_289' title='bbox 1212 3407 1315 3470; x_wconf 89' lang='lat' dir='ltr'>nuper</span> <span class='ocrx_word' id='word_1_290' title='bbox 1329 3387 1421 3451; x_wconf 86' lang='lat' dir='ltr'>vobis</span> <span class='ocrx_word' id='word_1_291' title='bbox 1445 3387 1531 3450; x_wconf 80' lang='lat' dir='ltr'>facte</span> <span class='ocrx_word' id='word_1_292' title='bbox 1545 3388 1584 3450; x_wconf 88' lang='lat' dir='ltr'>de</span> <span class='ocrx_word' id='word_1_293' title='bbox 1600 3385 1787 3470; x_wconf 89' lang='lat' dir='ltr'>hujusmodi</span> 
     </span>
     <span class='ocr_line' id='line_1_29' title="bbox 287 3474 1786 3558; baseline 0.001 -22"><span class='ocrx_word' id='word_1_294' title='bbox 287 3474 409 3537; x_wconf 84' lang='lat' dir='ltr'>auxilio</span> <span class='ocrx_word' id='word_1_295' title='bbox 424 3474 465 3536; x_wconf 88' lang='lat' dir='ltr'>ad</span> <span class='ocrx_word' id='word_1_296' title='bbox 479 3494 561 3556; x_wconf 90' lang='lat' dir='ltr'>opns</span> <span class='ocrx_word' id='word_1_297' title='bbox 575 3481 724 3537; x_wconf 86' lang='lat' dir='ltr'>nostrum</span> <span class='ocrx_word' id='word_1_298' title='bbox 739 3476 824 3537; x_wconf 91' lang='lat' dir='ltr'>sicut</span> <span class='ocrx_word' id='word_1_299' title='bbox 850 3477 1034 3558; x_wconf 87' lang='lat' dir='ltr'>predictum</span> <span class='ocrx_word' id='word_1_300' title='bbox 1058 3482 1108 3538; x_wconf 88' lang='lat' dir='ltr'>est</span> <span class='ocrx_word' id='word_1_301' title='bbox 1133 3475 1271 3538; x_wconf 88' lang='lat' dir='ltr'>levando</span> <span class='ocrx_word' id='word_1_302' title='bbox 1296 3476 1490 3538; x_wconf 86' lang='lat' dir='ltr'>excedentes</span> <span class='ocrx_word' id='word_1_303' title='bbox 1514 3475 1621 3558; x_wconf 91' lang='lat' dir='ltr'>ipsum</span> <span class='ocrx_word' id='word_1_304' title='bbox 1647 3477 1786 3558; x_wconf 88' lang='lat' dir='ltr'>priorem</span> 
     </span>
     <span class='ocr_line' id='line_1_30' title="bbox 287 3561 1786 3645; baseline 0.001 -22"><span class='ocrx_word' id='word_1_305' title='bbox 287 3561 518 3625; x_wconf 90' lang='lat' dir='ltr'>nichilominus</span> <span class='ocrx_word' id='word_1_306' title='bbox 543 3561 577 3622; x_wconf 92' lang='lat' dir='ltr'>in</span> <span class='ocrx_word' id='word_1_307' title='bbox 604 3563 698 3624; x_wconf 76' lang='lat' dir='ltr'>terris</span> <span class='ocrx_word' id='word_1_308' title='bbox 726 3569 761 3625; x_wconf 89' lang='lat' dir='ltr'>et</span> <span class='ocrx_word' id='word_1_309' title='bbox 786 3563 981 3625; x_wconf 88' lang='lat' dir='ltr'>tenementis</span> <span class='ocrx_word' id='word_1_310' title='bbox 1008 3564 1075 3626; x_wconf 87' lang='lat' dir='ltr'>suis</span> <span class='ocrx_word' id='word_1_311' title='bbox 1098 3584 1162 3644; x_wconf 92' lang='lat' dir='ltr'>que</span> <span class='ocrx_word' id='word_1_312' title='bbox 1192 3567 1282 3625; x_wconf 87' lang='lat' dir='ltr'>tenet</span> <span class='ocrx_word' id='word_1_313' title='bbox 1309 3563 1344 3624; x_wconf 94' lang='lat' dir='ltr'>in</span> <span class='ocrx_word' id='word_1_314' title='bbox 1375 3561 1509 3624; x_wconf 88' lang='lat' dir='ltr'>liberam</span> <span class='ocrx_word' id='word_1_315' title='bbox 1536 3568 1571 3624; x_wconf 89' lang='lat' dir='ltr'>et</span> <span class='ocrx_word' id='word_1_316' title='bbox 1593 3568 1786 3645; x_wconf 82' lang='lat' dir='ltr'>perpetuam</span> 
     </span>
     <span class='ocr_line' id='line_1_31' title="bbox 286 3647 1787 3733; baseline 0 -21"><span class='ocrx_word' id='word_1_317' title='bbox 286 3648 493 3712; x_wconf 89' lang='lat' dir='ltr'>elemosinam</span> <span class='ocrx_word' id='word_1_318' title='bbox 508 3649 543 3709; x_wconf 94' lang='lat' dir='ltr'>in</span> <span class='ocrx_word' id='word_1_319' title='bbox 558 3650 724 3731; x_wconf 88' lang='lat' dir='ltr'>socagium</span> <span class='ocrx_word' id='word_1_320' title='bbox 739 3651 781 3712; x_wconf 92' lang='lat' dir='ltr'>ad</span> <span class='ocrx_word' id='word_1_321' title='bbox 796 3647 984 3733; x_wconf 89' lang='lat' dir='ltr'>hujusmodi</span> <span class='ocrx_word' id='word_1_322' title='bbox 999 3649 1159 3713; x_wconf 84' lang='lat' dir='ltr'>auxilium</span> <span class='ocrx_word' id='word_1_323' title='bbox 1171 3649 1259 3712; x_wconf 85' lang='lat' dir='ltr'>vobis</span> <span class='ocrx_word' id='word_1_324' title='bbox 1269 3649 1310 3712; x_wconf 94' lang='lat' dir='ltr'>ad</span> <span class='ocrx_word' id='word_1_325' title='bbox 1322 3669 1403 3732; x_wconf 88' lang='lat' dir='ltr'>opus</span> <span class='ocrx_word' id='word_1_326' title='bbox 1413 3653 1561 3711; x_wconf 89' lang='lat' dir='ltr'>nostrum</span> <span class='ocrx_word' id='word_1_327' title='bbox 1575 3649 1787 3730; x_wconf 88' lang='lat' dir='ltr'>prestandum</span> 
     </span>
     <span class='ocr_line' id='line_1_32' title="bbox 286 3734 1787 3820; baseline 0 -22"><span class='ocrx_word' id='word_1_328' title='bbox 286 3734 482 3820; x_wconf 88' lang='lat' dir='ltr'>distringitis</span> <span class='ocrx_word' id='word_1_329' title='bbox 495 3734 605 3799; x_wconf 90' lang='lat' dir='ltr'>minus</span> <span class='ocrx_word' id='word_1_330' title='bbox 618 3736 706 3819; x_wconf 83' lang='lat' dir='ltr'>juste</span> <span class='ocrx_word' id='word_1_331' title='bbox 720 3738 755 3798; x_wconf 94' lang='lat' dir='ltr'>in</span> <span class='ocrx_word' id='word_1_332' title='bbox 769 3737 872 3820; x_wconf 85' lang='lat' dir='ltr'>ipsius</span> <span class='ocrx_word' id='word_1_333' title='bbox 886 3738 1002 3820; x_wconf 89' lang='lat' dir='ltr'>prioris</span> <span class='ocrx_word' id='word_1_334' title='bbox 1016 3738 1196 3820; x_wconf 92' lang='lat' dir='ltr'>dampnum</span> <span class='ocrx_word' id='word_1_335' title='bbox 1211 3757 1275 3800; x_wconf 93' lang='lat' dir='ltr'>non</span> <span class='ocrx_word' id='word_1_336' title='bbox 1291 3737 1455 3799; x_wconf 88' lang='lat' dir='ltr'>modicum</span> <span class='ocrx_word' id='word_1_337' title='bbox 1465 3741 1498 3798; x_wconf 89' lang='lat' dir='ltr'>et</span> <span class='ocrx_word' id='word_1_338' title='bbox 1512 3756 1699 3820; x_wconf 81' lang='lat' dir='ltr'>gravamen.</span> <span class='ocrx_word' id='word_1_339' title='bbox 1743 3736 1787 3798; x_wconf 87' lang='lat' dir='ltr'>Et</span> 
     </span>
     <span class='ocr_line' id='line_1_33' title="bbox 287 3822 1787 3907; baseline 0.001 -22"><span class='ocrx_word' id='word_1_340' title='bbox 287 3822 364 3907; x_wconf 91' lang='lat' dir='ltr'>quia</span> <span class='ocrx_word' id='word_1_341' title='bbox 389 3822 497 3885; x_wconf 89' lang='lat' dir='ltr'>eidem</span> <span class='ocrx_word' id='word_1_342' title='bbox 522 3822 622 3905; x_wconf 89' lang='lat' dir='ltr'>priori</span> <span class='ocrx_word' id='word_1_343' title='bbox 644 3822 792 3906; x_wconf 84' lang='lat' dir='ltr'>injuriari</span> <span class='ocrx_word' id='word_1_344' title='bbox 817 3823 967 3887; x_wconf 91' lang='lat' dir='ltr'>nolumus</span> <span class='ocrx_word' id='word_1_345' title='bbox 982 3826 1016 3886; x_wconf 92' lang='lat' dir='ltr'>in</span> <span class='ocrx_word' id='word_1_346' title='bbox 1041 3825 1101 3886; x_wconf 90' lang='lat' dir='ltr'>bac</span> <span class='ocrx_word' id='word_1_347' title='bbox 1123 3831 1214 3907; x_wconf 86' lang='lat' dir='ltr'>parte</span> <span class='ocrx_word' id='word_1_348' title='bbox 1229 3824 1318 3886; x_wconf 88' lang='lat' dir='ltr'>vobis</span> <span class='ocrx_word' id='word_1_349' title='bbox 1331 3823 1521 3886; x_wconf 89' lang='lat' dir='ltr'>mandamus</span> <span class='ocrx_word' id='word_1_350' title='bbox 1536 3823 1622 3905; x_wconf 91' lang='lat' dir='ltr'>quod</span> <span class='ocrx_word' id='word_1_351' title='bbox 1637 3824 1665 3886; x_wconf 92' lang='lat' dir='ltr'>si</span> <span class='ocrx_word' id='word_1_352' title='bbox 1680 3825 1728 3886; x_wconf 89' lang='lat' dir='ltr'>ita</span> <span class='ocrx_word' id='word_1_353' title='bbox 1742 3828 1787 3887; x_wconf 89' lang='lat' dir='ltr'>sit</span> 
     </span>
     <span class='ocr_line' id='line_1_34' title="bbox 285 3909 1787 3992; baseline 0.001 -20"><span class='ocrx_word' id='word_1_354' title='bbox 285 3916 366 3972; x_wconf 92' lang='lat' dir='ltr'>tunc</span> <span class='ocrx_word' id='word_1_355' title='bbox 401 3910 442 3972; x_wconf 92' lang='lat' dir='ltr'>ab</span> <span class='ocrx_word' id='word_1_356' title='bbox 477 3909 665 3992; x_wconf 87' lang='lat' dir='ltr'>hujusmodi</span> <span class='ocrx_word' id='word_1_357' title='bbox 692 3910 954 3977; x_wconf 89' lang='lat' dir='ltr'>districtionibus</span> <span class='ocrx_word' id='word_1_358' title='bbox 982 3911 1141 3974; x_wconf 88' lang='lat' dir='ltr'>indebitis</span> <span class='ocrx_word' id='word_1_359' title='bbox 1170 3911 1277 3974; x_wconf 90' lang='lat' dir='ltr'>eidem</span> <span class='ocrx_word' id='word_1_360' title='bbox 1314 3911 1414 3992; x_wconf 89' lang='lat' dir='ltr'>priori</span> <span class='ocrx_word' id='word_1_361' title='bbox 1444 3912 1610 3973; x_wconf 91' lang='lat' dir='ltr'>occasione</span> <span class='ocrx_word' id='word_1_362' title='bbox 1641 3910 1787 3992; x_wconf 88' lang='lat' dir='ltr'>predicta</span> 
     </span>
     <span class='ocr_line' id='line_1_35' title="bbox 285 3995 1788 4082; baseline 0 -22"><span class='ocrx_word' id='word_1_363' title='bbox 285 3996 441 4060; x_wconf 80' lang='lat' dir='ltr'>faciendis</span> <span class='ocrx_word' id='word_1_364' title='bbox 455 3995 623 4059; x_wconf 86' lang='lat' dir='ltr'>desistatis</span> <span class='ocrx_word' id='word_1_365' title='bbox 637 3997 747 4080; x_wconf 88' lang='lat' dir='ltr'>ipsum</span> <span class='ocrx_word' id='word_1_366' title='bbox 761 4007 873 4063; x_wconf 90' lang='lat' dir='ltr'>contra</span> <span class='ocrx_word' id='word_1_367' title='bbox 886 3999 1025 4062; x_wconf 86' lang='lat' dir='ltr'>formam</span> <span class='ocrx_word' id='word_1_368' title='bbox 1040 3999 1254 4062; x_wconf 88' lang='lat' dir='ltr'>concessionis</span> <span class='ocrx_word' id='word_1_369' title='bbox 1268 4004 1303 4060; x_wconf 91' lang='lat' dir='ltr'>et</span> <span class='ocrx_word' id='word_1_370' title='bbox 1318 3998 1549 4082; x_wconf 86' lang='lat' dir='ltr'>assignacionis</span> <span class='ocrx_word' id='word_1_371' title='bbox 1571 3997 1788 4080; x_wconf 89' lang='lat' dir='ltr'>predictarum</span> 
     </span>
     <span class='ocr_line' id='line_1_36' title="bbox 286 4083 1787 4170; baseline 0.002 -25"><span class='ocrx_word' id='word_1_372' title='bbox 286 4104 351 4146; x_wconf 92' lang='lat' dir='ltr'>non</span> <span class='ocrx_word' id='word_1_373' title='bbox 374 4083 584 4146; x_wconf 85' lang='lat' dir='ltr'>molestantes</span> <span class='ocrx_word' id='word_1_374' title='bbox 606 4084 641 4146; x_wconf 92' lang='lat' dir='ltr'>in</span> <span class='ocrx_word' id='word_1_375' title='bbox 664 4085 774 4170; x_wconf 88' lang='lat' dir='ltr'>aliquo</span> <span class='ocrx_word' id='word_1_376' title='bbox 801 4107 857 4149; x_wconf 90' lang='lat' dir='ltr'>seu</span> <span class='ocrx_word' id='word_1_377' title='bbox 882 4093 1065 4170; x_wconf 87' lang='lat' dir='ltr'>gravantes.</span> <span class='ocrx_word' id='word_1_378' title='bbox 1111 4085 1208 4149; x_wconf 84' lang='lat' dir='ltr'>Teste</span> <span class='ocrx_word' id='word_1_379' title='bbox 1227 4105 1279 4148; x_wconf 91' lang='lat' dir='ltr'>me</span> <span class='ocrx_word' id='word_1_380' title='bbox 1294 4085 1366 4168; x_wconf 91' lang='lat' dir='ltr'>ipso</span> <span class='ocrx_word' id='word_1_381' title='bbox 1379 4084 1465 4167; x_wconf 92' lang='lat' dir='ltr'>apud</span> <span class='ocrx_word' id='word_1_382' title='bbox 1480 4083 1651 4148; x_wconf 80' lang='lat' dir='ltr'>Gildelord</span> <span class='ocrx_word' id='word_1_383' title='bbox 1667 4107 1718 4150; x_wconf 84' lang='lat' dir='ltr'>xx.</span> <span class='ocrx_word' id='word_1_384' title='bbox 1734 4087 1787 4149; x_wconf 93' lang='lat' dir='ltr'>die</span> 
     </span>
     <span class='ocr_line' id='line_1_37' title="bbox 285 4169 1066 4255; baseline 0.003 -21"><span class='ocrx_word' id='word_1_385' title='bbox 285 4169 435 4234; x_wconf 89' lang='lat' dir='ltr'>Januarii</span> <span class='ocrx_word' id='word_1_386' title='bbox 449 4190 534 4233; x_wconf 88' lang='lat' dir='ltr'>anno</span> <span class='ocrx_word' id='word_1_387' title='bbox 549 4173 643 4255; x_wconf 89' lang='lat' dir='ltr'>regni</span> <span class='ocrx_word' id='word_1_388' title='bbox 657 4172 761 4234; x_wconf 88' lang='lat' dir='ltr'>nostri</span> <span class='ocrx_word' id='word_1_389' title='bbox 775 4173 937 4236; x_wconf 86' lang='lat' dir='ltr'>tricesimo</span> <span class='ocrx_word' id='word_1_390' title='bbox 951 4174 1066 4255; x_wconf 92' lang='lat' dir='ltr'>primo.</span> 
     </span>
    </p>
   </div>
   <div class='ocr_carea' id='block_1_8' title="bbox 286 4315 1788 4752">
    <p class='ocr_par' dir='ltr' id='par_1_8' title="bbox 286 4315 1788 4752">
     <span class='ocr_line' id='line_1_38' title="bbox 329 4315 1787 4401; baseline 0.001 -19"><span class='ocrx_word' id='word_1_391' title='bbox 329 4318 504 4382; x_wconf 83' lang='lat' dir='ltr'>Edwardus</span> <span class='ocrx_word' id='word_1_392' title='bbox 519 4325 583 4382; x_wconf 89' lang='lat' dir='ltr'>etc.</span> <span class='ocrx_word' id='word_1_393' title='bbox 602 4321 651 4397; x_wconf 82' lang='lat' dir='ltr'>(ar</span> <span class='ocrx_word' id='word_1_394' title='bbox 664 4319 784 4396; x_wconf 84' lang='lat' dir='ltr'>above).</span> <span class='ocrx_word' id='word_1_395' title='bbox 828 4317 984 4382; x_wconf 84' lang='lat' dir='ltr'>Volentes</span> <span class='ocrx_word' id='word_1_396' title='bbox 998 4319 1120 4382; x_wconf 90' lang='lat' dir='ltr'>dilecto</span> <span class='ocrx_word' id='word_1_397' title='bbox 1135 4323 1170 4382; x_wconf 92' lang='lat' dir='ltr'>et</span> <span class='ocrx_word' id='word_1_398' title='bbox 1185 4317 1274 4381; x_wconf 91' lang='lat' dir='ltr'>fideli</span> <span class='ocrx_word' id='word_1_399' title='bbox 1299 4322 1409 4380; x_wconf 90' lang='lat' dir='ltr'>nostro</span> <span class='ocrx_word' id='word_1_400' title='bbox 1435 4317 1576 4382; x_wconf 84' lang='lat' dir='ltr'>Roberto</span> <span class='ocrx_word' id='word_1_401' title='bbox 1590 4317 1630 4381; x_wconf 89' lang='lat' dir='ltr'>de</span> <span class='ocrx_word' id='word_1_402' title='bbox 1646 4315 1787 4401; x_wconf 85' lang='lat' dir='ltr'>Glyfford</span> 
     </span>
     <span class='ocr_line' id='line_1_39' title="bbox 286 4405 1788 4491; baseline 0 -22"><span class='ocrx_word' id='word_1_403' title='bbox 286 4407 342 4490; x_wconf 92' lang='lat' dir='ltr'>qui</span> <span class='ocrx_word' id='word_1_404' title='bbox 372 4407 541 4470; x_wconf 91' lang='lat' dir='ltr'>nobiscum</span> <span class='ocrx_word' id='word_1_405' title='bbox 571 4406 606 4468; x_wconf 90' lang='lat' dir='ltr'>in</span> <span class='ocrx_word' id='word_1_406' title='bbox 635 4405 789 4491; x_wconf 90' lang='lat' dir='ltr'>obsequio</span> <span class='ocrx_word' id='word_1_407' title='bbox 818 4412 927 4469; x_wconf 84' lang='lat' dir='ltr'>nostro</span> <span class='ocrx_word' id='word_1_408' title='bbox 955 4427 1012 4490; x_wconf 91' lang='lat' dir='ltr'>per</span> <span class='ocrx_word' id='word_1_409' title='bbox 1041 4414 1236 4489; x_wconf 90' lang='lat' dir='ltr'>preceptum</span> <span class='ocrx_word' id='word_1_410' title='bbox 1265 4411 1412 4469; x_wconf 90' lang='lat' dir='ltr'>nostrum</span> <span class='ocrx_word' id='word_1_411' title='bbox 1441 4405 1477 4467; x_wconf 92' lang='lat' dir='ltr'>in</span> <span class='ocrx_word' id='word_1_412' title='bbox 1506 4405 1653 4488; x_wconf 87' lang='lat' dir='ltr'>partibus</span> <span class='ocrx_word' id='word_1_413' title='bbox 1678 4406 1788 4469; x_wconf 88' lang='lat' dir='ltr'>Scocie</span> 
     </span>
     <span class='ocr_line' id='line_1_40' title="bbox 286 4491 1787 4580; baseline -0.001 -23"><span class='ocrx_word' id='word_1_414' title='bbox 286 4501 432 4557; x_wconf 88' lang='lat' dir='ltr'>moratur</span> <span class='ocrx_word' id='word_1_415' title='bbox 456 4495 600 4580; x_wconf 85' lang='lat' dir='ltr'>graciam</span> <span class='ocrx_word' id='word_1_416' title='bbox 625 4491 728 4556; x_wconf 85' lang='lat' dir='ltr'>facere</span> <span class='ocrx_word' id='word_1_417' title='bbox 753 4493 927 4576; x_wconf 84' lang='lat' dir='ltr'>specialem</span> <span class='ocrx_word' id='word_1_418' title='bbox 955 4493 1105 4556; x_wconf 88' lang='lat' dir='ltr'>dedimus</span> <span class='ocrx_word' id='word_1_419' title='bbox 1121 4497 1153 4557; x_wconf 88' lang='lat' dir='ltr'>ei</span> <span class='ocrx_word' id='word_1_420' title='bbox 1167 4499 1350 4578; x_wconf 90' lang='lat' dir='ltr'>respectum</span> <span class='ocrx_word' id='word_1_421' title='bbox 1364 4511 1467 4576; x_wconf 89' lang='lat' dir='ltr'>usque</span> <span class='ocrx_word' id='word_1_422' title='bbox 1481 4492 1522 4554; x_wconf 92' lang='lat' dir='ltr'>ad</span> <span class='ocrx_word' id='word_1_423' title='bbox 1537 4491 1658 4554; x_wconf 86' lang='lat' dir='ltr'>festam</span> <span class='ocrx_word' id='word_1_424' title='bbox 1675 4491 1787 4556; x_wconf 84' lang='lat' dir='ltr'>Sancti</span> 
     </span>
     <span class='ocr_line' id='line_1_41' title="bbox 286 4579 1787 4663; baseline -0.001 -19"><span class='ocrx_word' id='word_1_425' title='bbox 286 4581 378 4645; x_wconf 89' lang='lat' dir='ltr'>Petri</span> <span class='ocrx_word' id='word_1_426' title='bbox 391 4581 433 4644; x_wconf 86' lang='lat' dir='ltr'>ad</span> <span class='ocrx_word' id='word_1_427' title='bbox 448 4579 589 4642; x_wconf 85' lang='lat' dir='ltr'>Vincula</span> <span class='ocrx_word' id='word_1_428' title='bbox 604 4583 750 4663; x_wconf 85' lang='lat' dir='ltr'>proximo</span> <span class='ocrx_word' id='word_1_429' title='bbox 763 4585 913 4644; x_wconf 78' lang='lat' dir='ltr'>laturum</span> <span class='ocrx_word' id='word_1_430' title='bbox 927 4579 968 4642; x_wconf 91' lang='lat' dir='ltr'>de</span> <span class='ocrx_word' id='word_1_431' title='bbox 983 4579 1106 4642; x_wconf 87' lang='lat' dir='ltr'>anxilio</span> <span class='ocrx_word' id='word_1_432' title='bbox 1120 4581 1269 4663; x_wconf 89' lang='lat' dir='ltr'>predicto</span> <span class='ocrx_word' id='word_1_433' title='bbox 1281 4587 1345 4644; x_wconf 90' lang='lat' dir='ltr'>etc.</span> <span class='ocrx_word' id='word_1_434' title='bbox 1364 4584 1412 4658; x_wconf 82' lang='lat' dir='ltr'>(as</span> <span class='ocrx_word' id='word_1_435' title='bbox 1436 4579 1564 4661; x_wconf 82' lang='lat' dir='ltr'>before).</span> <span class='ocrx_word' id='word_1_436' title='bbox 1610 4579 1708 4643; x_wconf 80' lang='lat' dir='ltr'>Teste</span> <span class='ocrx_word' id='word_1_437' title='bbox 1733 4601 1787 4643; x_wconf 86' lang='lat' dir='ltr'>me</span> 
     </span>
     <span class='ocr_line' id='line_1_42' title="bbox 286 4666 1571 4752; baseline 0.001 -21"><span class='ocrx_word' id='word_1_438' title='bbox 286 4669 358 4751; x_wconf 89' lang='lat' dir='ltr'>ipso</span> <span class='ocrx_word' id='word_1_439' title='bbox 374 4669 460 4751; x_wconf 88' lang='lat' dir='ltr'>apud</span> <span class='ocrx_word' id='word_1_440' title='bbox 476 4666 637 4731; x_wconf 87' lang='lat' dir='ltr'>Sandiord</span> <span class='ocrx_word' id='word_1_441' title='bbox 652 4666 694 4733; x_wconf 87' lang='lat' dir='ltr'>ix.</span> <span class='ocrx_word' id='word_1_442' title='bbox 709 4667 761 4730; x_wconf 91' lang='lat' dir='ltr'>die</span> <span class='ocrx_word' id='word_1_443' title='bbox 775 4667 899 4752; x_wconf 82' lang='lat' dir='ltr'>Aprilis</span> <span class='ocrx_word' id='word_1_444' title='bbox 913 4687 999 4730; x_wconf 91' lang='lat' dir='ltr'>anno</span> <span class='ocrx_word' id='word_1_445' title='bbox 1013 4668 1110 4751; x_wconf 89' lang='lat' dir='ltr'>regni</span> <span class='ocrx_word' id='word_1_446' title='bbox 1125 4669 1228 4730; x_wconf 85' lang='lat' dir='ltr'>nostri</span> <span class='ocrx_word' id='word_1_447' title='bbox 1242 4668 1405 4730; x_wconf 85' lang='lat' dir='ltr'>tricesimo</span> <span class='ocrx_word' id='word_1_448' title='bbox 1420 4667 1571 4732; x_wconf 90' lang='lat' dir='ltr'>secundo.</span> 
     </span>
    </p>
   </div>
   <div class='ocr_carea' id='block_1_9' title="bbox 331 4817 1370 4901">
    <p class='ocr_par' dir='ltr' id='par_1_9' title="bbox 331 4817 1370 4901">
     <span class='ocr_line' id='line_1_43' title="bbox 331 4817 1370 4901; baseline 0.004 -21"><span class='ocrx_word' id='word_1_449' title='bbox 331 4817 504 4881; x_wconf 78' lang='lat' dir='ltr'>Edwardus</span> <span class='ocrx_word' id='word_1_450' title='bbox 518 4824 582 4883; x_wconf 90' lang='lat' dir='ltr'>etc.</span> <span class='ocrx_word' id='word_1_451' title='bbox 600 4820 727 4901; x_wconf 67' lang='lat' dir='ltr'>(recipite</span> <span class='ocrx_word' id='word_1_452' title='bbox 743 4830 774 4884; x_wconf 89' lang='lat' dir='ltr'>to</span> <span class='ocrx_word' id='word_1_453' title='bbox 789 4821 840 4884; x_wconf 80' lang='lat' dir='ltr'>tlte</span> <span class='ocrx_word' id='word_1_454' title='bbox 854 4843 940 4886; x_wconf 73' lang='lat' dir='ltr'>were</span> <span class='ocrx_word' id='word_1_455' title='bbox 953 4821 996 4884; x_wconf 85' lang='lat' dir='ltr'>ad</span> <span class='ocrx_word' id='word_1_456' title='bbox 1011 4821 1135 4884; x_wconf 84' lang='lat' dir='ltr'>festum</span> <span class='ocrx_word' id='word_1_457' title='bbox 1149 4819 1370 4898; x_wconf 81' lang='lat' dir='ltr'>Pentecoste).</span> 
     </span>
    </p>
   </div>
   <div class='ocr_carea' id='block_1_10' title="bbox 284 4966 1790 5406">
    <p class='ocr_par' dir='ltr' id='par_1_10' title="bbox 284 4966 1790 5406">
     <span class='ocr_line' id='line_1_44' title="bbox 331 4966 1788 5055; baseline 0.003 -25"><span class='ocrx_word' id='word_1_458' title='bbox 331 4966 506 5031; x_wconf 76' lang='lat' dir='ltr'>Edwardus</span> <span class='ocrx_word' id='word_1_459' title='bbox 519 4973 582 5033; x_wconf 74' lang='lat' dir='ltr'>etc</span> <span class='ocrx_word' id='word_1_460' title='bbox 599 4973 648 5048; x_wconf 81' lang='lat' dir='ltr'>(ce</span> <span class='ocrx_word' id='word_1_461' title='bbox 662 4971 782 5049; x_wconf 82' lang='lat' dir='ltr'>above).</span> <span class='ocrx_word' id='word_1_462' title='bbox 827 4972 981 5037; x_wconf 86' lang='lat' dir='ltr'>Volentes</span> <span class='ocrx_word' id='word_1_463' title='bbox 1006 4973 1125 5040; x_wconf 89' lang='lat' dir='ltr'>dilecto</span> <span class='ocrx_word' id='word_1_464' title='bbox 1147 4978 1182 5038; x_wconf 89' lang='lat' dir='ltr'>et</span> <span class='ocrx_word' id='word_1_465' title='bbox 1207 4973 1298 5036; x_wconf 89' lang='lat' dir='ltr'>fideli</span> <span class='ocrx_word' id='word_1_466' title='bbox 1312 4979 1421 5036; x_wconf 90' lang='lat' dir='ltr'>nostro</span> <span class='ocrx_word' id='word_1_467' title='bbox 1436 4971 1579 5036; x_wconf 89' lang='lat' dir='ltr'>Henrico</span> <span class='ocrx_word' id='word_1_468' title='bbox 1593 4972 1634 5035; x_wconf 92' lang='lat' dir='ltr'>de</span> <span class='ocrx_word' id='word_1_469' title='bbox 1650 4969 1788 5055; x_wconf 89' lang='lat' dir='ltr'>Segrave</span> 
     </span>
     <span class='ocr_line' id='line_1_45' title="bbox 286 5055 1789 5144; baseline 0.001 -26"><span class='ocrx_word' id='word_1_470' title='bbox 286 5056 344 5140; x_wconf 92' lang='lat' dir='ltr'>qui</span> <span class='ocrx_word' id='word_1_471' title='bbox 357 5055 393 5116; x_wconf 92' lang='lat' dir='ltr'>in</span> <span class='ocrx_word' id='word_1_472' title='bbox 408 5055 601 5138; x_wconf 88' lang='lat' dir='ltr'>obsequium</span> <span class='ocrx_word' id='word_1_473' title='bbox 616 5063 763 5121; x_wconf 87' lang='lat' dir='ltr'>nostrum</span> <span class='ocrx_word' id='word_1_474' title='bbox 778 5079 838 5142; x_wconf 90' lang='lat' dir='ltr'>per</span> <span class='ocrx_word' id='word_1_475' title='bbox 851 5067 1040 5144; x_wconf 88' lang='lat' dir='ltr'>preceptum</span> <span class='ocrx_word' id='word_1_476' title='bbox 1055 5067 1202 5124; x_wconf 91' lang='lat' dir='ltr'>nostrum</span> <span class='ocrx_word' id='word_1_477' title='bbox 1216 5059 1420 5144; x_wconf 84' lang='lat' dir='ltr'>profecturus</span> <span class='ocrx_word' id='word_1_478' title='bbox 1434 5065 1485 5124; x_wconf 89' lang='lat' dir='ltr'>est</span> <span class='ocrx_word' id='word_1_479' title='bbox 1498 5059 1539 5123; x_wconf 83' lang='lat' dir='ltr'>ad</span> <span class='ocrx_word' id='word_1_480' title='bbox 1553 5065 1663 5142; x_wconf 87' lang='lat' dir='ltr'>partes</span> <span class='ocrx_word' id='word_1_481' title='bbox 1679 5057 1789 5122; x_wconf 89' lang='lat' dir='ltr'>Scocie</span> 
     </span>
     <span class='ocr_line' id='line_1_46' title="bbox 286 5143 1790 5233; baseline 0.002 -28"><span class='ocrx_word' id='word_1_482' title='bbox 286 5143 430 5228; x_wconf 88' lang='lat' dir='ltr'>graciam</span> <span class='ocrx_word' id='word_1_483' title='bbox 459 5143 565 5206; x_wconf 75' lang='lat' dir='ltr'>iacere</span> <span class='ocrx_word' id='word_1_484' title='bbox 595 5143 769 5226; x_wconf 83' lang='lat' dir='ltr'>specialem</span> <span class='ocrx_word' id='word_1_485' title='bbox 795 5145 945 5210; x_wconf 89' lang='lat' dir='ltr'>dedimus</span> <span class='ocrx_word' id='word_1_486' title='bbox 969 5150 1001 5211; x_wconf 91' lang='lat' dir='ltr'>ei</span> <span class='ocrx_word' id='word_1_487' title='bbox 1026 5154 1209 5232; x_wconf 89' lang='lat' dir='ltr'>respectum</span> <span class='ocrx_word' id='word_1_488' title='bbox 1234 5169 1334 5233; x_wconf 91' lang='lat' dir='ltr'>usque</span> <span class='ocrx_word' id='word_1_489' title='bbox 1363 5147 1405 5212; x_wconf 90' lang='lat' dir='ltr'>ad</span> <span class='ocrx_word' id='word_1_490' title='bbox 1434 5146 1555 5211; x_wconf 82' lang='lat' dir='ltr'>festum</span> <span class='ocrx_word' id='word_1_491' title='bbox 1581 5145 1790 5210; x_wconf 76' lang='lat' dir='ltr'>Pentecosten</span> 
     </span>
     <span class='ocr_line' id='line_1_47' title="bbox 286 5230 1787 5320; baseline 0.002 -28"><span class='ocrx_word' id='word_1_492' title='bbox 286 5230 435 5312; x_wconf 88' lang='lat' dir='ltr'>proximo</span> <span class='ocrx_word' id='word_1_493' title='bbox 463 5231 612 5294; x_wconf 84' lang='lat' dir='ltr'>futurum</span> <span class='ocrx_word' id='word_1_494' title='bbox 643 5233 684 5296; x_wconf 89' lang='lat' dir='ltr'>de</span> <span class='ocrx_word' id='word_1_495' title='bbox 713 5233 838 5296; x_wconf 86' lang='lat' dir='ltr'>auxilio</span> <span class='ocrx_word' id='word_1_496' title='bbox 867 5237 1014 5317; x_wconf 89' lang='lat' dir='ltr'>predicto</span> <span class='ocrx_word' id='word_1_497' title='bbox 1044 5242 1107 5301; x_wconf 83' lang='lat' dir='ltr'>etc:</span> <span class='ocrx_word' id='word_1_498' title='bbox 1142 5240 1190 5315; x_wconf 78' lang='lat' dir='ltr'>(oe</span> <span class='ocrx_word' id='word_1_499' title='bbox 1220 5233 1349 5320; x_wconf 72' lang='lat' dir='ltr'>before).</span> <span class='ocrx_word' id='word_1_500' title='bbox 1395 5235 1492 5298; x_wconf 86' lang='lat' dir='ltr'>Teste</span> <span class='ocrx_word' id='word_1_501' title='bbox 1519 5254 1573 5297; x_wconf 89' lang='lat' dir='ltr'>me</span> <span class='ocrx_word' id='word_1_502' title='bbox 1601 5234 1673 5316; x_wconf 93' lang='lat' dir='ltr'>ipso</span> <span class='ocrx_word' id='word_1_503' title='bbox 1701 5231 1787 5316; x_wconf 91' lang='lat' dir='ltr'>apud</span> 
     </span>
     <span class='ocr_line' id='line_1_48' title="bbox 284 5314 1430 5406; baseline 0.009 -29"><span class='ocrx_word' id='word_1_504' title='bbox 284 5314 454 5378; x_wconf 81' lang='lat' dir='ltr'>windesor</span> <span class='ocrx_word' id='word_1_505' title='bbox 468 5315 532 5403; x_wconf 80' lang='lat' dir='ltr'>iiij.</span> <span class='ocrx_word' id='word_1_506' title='bbox 547 5317 602 5380; x_wconf 88' lang='lat' dir='ltr'>die</span> <span class='ocrx_word' id='word_1_507' title='bbox 617 5317 792 5384; x_wconf 87' lang='lat' dir='ltr'>Februarii</span> <span class='ocrx_word' id='word_1_508' title='bbox 798 5341 891 5384; x_wconf 85' lang='lat' dir='ltr'>anno</span> <span class='ocrx_word' id='word_1_509' title='bbox 904 5325 997 5406; x_wconf 84' lang='lat' dir='ltr'>regui</span> <span class='ocrx_word' id='word_1_510' title='bbox 1011 5323 1114 5388; x_wconf 82' lang='lat' dir='ltr'>nostri</span> <span class='ocrx_word' id='word_1_511' title='bbox 1132 5324 1298 5388; x_wconf 89' lang='lat' dir='ltr'>tricesimo</span> <span class='ocrx_word' id='word_1_512' title='bbox 1311 5324 1430 5406; x_wconf 90' lang='lat' dir='ltr'>primo.</span> 
     </span>
    </p>
   </div>
   <div class='ocr_carea' id='block_1_11' title="bbox 0 0 2055 6116">
    <p class='ocr_par' dir='ltr' id='par_1_11' title="bbox 0 0 2055 6116">
     <span class='ocr_line' id='line_1_49' title="bbox 0 0 2055 6116; baseline 0 0"><span class='ocrx_word' id='word_1_513' title='bbox 0 0 2055 6116; x_wconf 95' lang='lat' dir='ltr'> </span> 
     </span>
    </p>
   </div>
  </div>
 </body>
</html>
