4092 6117
922 568 1004 638 Α.Ι).
1029 570 1125 637 1428.
1707 573 1769 638 253

283 863 286 868 ·
314 844 482 915 Jobsnnes
496 848 585 937 Skey
596 857 633 916 et
647 853 831 922 Willelmus
845 857 1036 924 Pedevurhh
1058 864 1174 924 tenent
1195 859 1375 924 inmedinte
1397 861 1438 926 de
1455 858 1629 925 heredibus
1643 859 1774 925 comitis

272 931 420 1000 Murchie
448 945 536 1002 certe
564 949 667 1004 cerrus
694 950 730 1007 et
760 952 946 1011 tenemente
976 948 1012 1010 in
1044 948 1238 1025 succussu,
1268 967 1331 1032 qne
1359 968 1462 1031 nuper
1491 949 1625 1012 fuerunt
1648 946 1773 1012 Thomu

272 1018 479 1108 Mydelbope,
494 1047 551 1110 per
564 1029 738 1093 servicium
752 1051 808 1098 un.
823 1033 846 1098 f.
860 1055 906 1098 m.

314 1164 491 1234 Nicbolnus
514 1171 690 1261 Alderlcgh
713 1181 807 1241 terret
832 1179 1021 1259 inmedisie‚
1047 1179 1089 1244 de
1114 1199 1180 1264 quo
1206 1179 1255 1243 vel
1280 1179 1322 1243 de
1348 1179 1466 1262 quibus
1496 1179 1659 1265 ignorant,
1682 1185 1773 1245 certe

271 1257 443 1407 {pprvppilplz
454 1262 643 1414 tppepnpppte
668 1264 703 1325 iu
729 1266 965 1346 Annnuusnon,
993 1287 1055 1351 quc
1077 1287 1184 1351 nuper
1209 1265 1343 1330 inerunt
1369 1265 1505 1398 Roberii
1530 1267 1691 1347 Selemnn,
1717 1289 1774 1353 per

313 1487 455 1556 Thomas
468 1490 560 1557 Drev
574 1499 608 1558 et
621 1493 762 1560 Thomas
784 1497 966 1583 Stepbenes
987 1505 1103 1564 tenent
1123 1500 1307 1565 inmediahe
1327 1500 1367 1564 de
1382 1499 1547 1563 Willelmo
1569 1500 1774 1586 Trscycertu

270 1580 373 1639 terres
386 1584 420 1642 et
435 1585 632 1660 memsuis,
648 1604 711 1674 que
725 1605 829 1670 nuper
843 1586 976 1652 fuerunt
998 1589 1129 1652 comitis
1151 1587 1363 1671 Gloucesirie‚
1387 1589 1421 1651 in
1449 1587 1645 1654 vavsunorr
1668 1588 1772 1655 Dnnu'

271 1683 328 1746 per
341 1667 510 1730 servicium
527 1689 581 1734 nn.
597 1671 621 1736 f.
638 1692 682 1737 m.

314 1811 416 1875 Heres
439 1811 596 1879 Willelmi
623 1815 788 1903 Ceylewey
812 1825 848 1882 et
874 1820 989 1899 Alicin,
1016 1841 1095 1884 uxor
1119 1819 1201 1905 ejus,
1229 1824 1342 1884 tenent
1371 1819 1552 1883 inmedinte
1581 1819 1621 1882 de
1650 1820 1771 1884 comite

272 1895 450 1963 Scrisburie
471 1909 561 1966 certe
584 1909 688 1968 terres
711 1911 747 1969 ei
765 1912 954 1972 tenementis
979 1910 1015 1972 in
1038 1907 1249 1986 Lonvvcrou,
1266 1928 1328 1993 que
1352 1926 1457 1990 nuper
1472 1907 1605 1971 fuerunt
1619 1907 1771 1992 magistri

274 1983 428 2051 Willelmi
444 1987 606 2073 anerell,
623 2012 680 2074 per
694 1994 868 2059 servicium
882 2016 939 2060 nn.
955 1995 978 2062 f.
995 2017 1040 2062 m.

314 2133 476 2201 walterus
492 2139 743 2225 Pole‚chiveler,
753 2149 844 2209 tenet
858 2146 1036 2211 inmedinte
1050 2151 1140 2210 cerie
1154 2149 1256 2210 terres
1267 2150 1301 2209 ei
1312 2148 1499 2208 tenementu
1509 2144 1544 2207 in
1557 2143 1769 2222 Lorrvrvenon,

270 2241 331 2306 qne
345 2241 450 2308 nuper
463 2224 593 2292 luerunt
608 2233 737 2295 comitis
752 2231 938 2316 Lyncolnie,
954 2254 1010 2318 per
1034 2235 1206 2298 servicium
1229 2253 1285 2298 nn.
1302 2233 1325 2296 f.
1342 2253 1400 2310 ιιι,
1417 2231 1504 2295 unde
1526 2250 1591 2294 unu
1613 2230 1772 2295 medietas

269 2308 343 2373 iude
358 2317 488 2377 tenetur
502 2315 543 2378 de
558 2336 643 2402 rege,
659 2326 698 2383 nt
712 2319 754 2383 de
767 2319 889 2386 ducatu
904 2342 961 2384 suc
985 2322 1180 2400 Lsnmstrie,
1205 2325 1238 2385 et
1264 2319 1365 2384 nitere
1375 2309 1550 2383 'medietas
1573 2323 1705 2384 tenetur
1731 2319 1772 2382 de

269 2394 441 2465 heredibus
453 2404 585 2468 comitis
598 2405 801 2474 Herefordie.

311 2541 475 2612 Johsnnes
491 2549 624 2613 london
638 2555 732 2616 tenet
747 2552 935 2632 inmedisie,
949 2553 992 2618 de
1014 2573 1078 2637 quo
1093 2553 1145 2616 vel
1167 2552 1208 2616 de
1230 2551 1348 2636 quibus
1374 2551 1536 2636 ignorant,
1561 2555 1649 2615 certa
1672 2556 1772 2620 terres

268 2633 302 2693 eb
327 2635 517 2699 tenemenls
541 2638 576 2701 iu
603 2639 839 2718 Annnvnnnon,
866 2661 928 2726 que
953 2660 1058 2724 nuper
1080 2640 1211 2704 inerunt
1236 2639 1386 2725 lingonis
1412 2639 1451 2703 de
1481 2636 1685 2718 Cevershsm,
1716 2661 1773 2726 per

268 2719 436 2785 servicium
453 2729 568 2806 queris
582 2727 685 2808 pertis
700 2746 755 2792 un.
771 2726 795 2792 f.
813 2750 859 2793 m.

311 2861 494 2932 Willelmus
518 2868 603 2934 Gore
628 2876 720 2935 tenet
744 2872 923 2936 inmedinte
947 2873 988 2936 de
1012 2870 1181 2937 heredibus
1207 2871 1339 2938 comitis
1354 2869 1501 2936 Merchie
1516 2877 1606 2935 certe
1620 2875 1721 2937 terres
1738 2878 1772 2937 et

268 2957 455 3018 tenementu
490 2955 525 3018 in
555 2957 790 3040 innumeros,
821 2980 882 3044 que
914 2980 1016 3044 nuper
1045 2961 1179 3024 suerunt
1216 2960 1367 3045 Hugcnis
1403 2959 1443 3023 de
1473 2955 1676 3039 Cevershsm,
1714 2981 1772 3046 per

267 3040 439 3106 servicium
455 3054 568 3130 quarte
584 3047 685 3129 partis
699 3067 754 3115 un.
773 3047 796 3113 i.
814 3069 859 3113 m.
1625 3061 1627 3066 ’

311 3185 476 3253 Jchennes
500 3189 635 3275 Gyffurd
662 3200 756 3256 tenet
780 3193 962 3259 inmediebe
987 3195 1028 3260 de
1052 3193 1203 3260 Johsnne
1227 3192 1365 3273 Pactoli,
1391 3196 1429 3255 ni
1444 3191 1484 3256 de
1499 3192 1645 3256 manerio
1659 3211 1718 3256 sno
1732 3193 1772 3257 de

268 3273 499 3356 Oustelcombe,
514 3284 604 3342 certe
629 3285 728 3344 terres
754 3285 790 3345 et
813 3286 1000 3348 tenementis
1024 3283 1060 3346 in
1088 3283 1262 3350 Sunusrorv
1287 3281 1406 3356 Ριιιιιι,
1423 3299 1486 3365 que
1513 3297 1617 3363 nuper
1640 3279 1772 3344 fuerumt

267 3362 403 3428 Henrici
419 3363 460 3427 de
475 3365 623 3446 Ccshem,
640 3388 697 3451 per
711 3369 885 3433 servicium
901 3369 947 3436 di.
964 3371 986 3436 i.
1002 3392 1048 3436 m.

310 3514 470 3579 Dominus
482 3515 523 3580 de
537 3514 624 3602 Grey
639 3523 731 3582 benet
745 3520 924 3585 inmedisbe
938 3520 980 3584 de
993 3519 1126 3583 dominc
1140 3537 1218 3602 rege
1234 3518 1244 3581 i
1249 3539 1288 3583 .c.
1305 3522 1393 3581 certe
1407 3520 1508 3578 terres
1522 3520 1558 3579 et
1580 3520 1772 3580 tenementis

268 3603 302 3664 in
317 3602 429 3669 Esncu
445 3603 552 3681 (iuer,
569 3624 631 3690 que
646 3625 751 3689 nuper
764 3605 896 3672 fuerunt
912 3607 1086 3693 Regineldi
1099 3606 1138 3671 de
1153 3605 1252 3691 (hey,
1271 3624 1328 3688 per
1342 3603 1513 3668 servicium
1528 3622 1585 3666 un.
1599 3601 1623 3667 i.
1638 3623 1683 3668 m.

310 3751 474 3817 Jcbennes
500 3752 686 3820 Cumerrvell
710 3761 802 3820 tenet
826 3756 1004 3822 inmedinbe
1026 3756 1066 3821 de
1091 3757 1212 3822 honore
1225 3755 1268 3819 de
1282 3751 1499 3838 Trovbrygge
1514 3757 1605 3815 certe
1619 3756 1722 3854 terres
1737 3757 1772 3814 et

266 3843 462 3994 pipnprnnpntu
476 3842 511 3905 in
527 3840 707 3922 Hunnnsn,
724 3863 785 3928 qne
800 3864 903 3928 nuper
927 3843 1062 3910 fuerunt
1086 3843 1236 3909 Nicholsi
1252 3841 1293 3906 de
1309 3837 1508 3918 Comervvell‚
1526 3858 1582 3923 per
1598 3857 1771 3904 servrcrum

310 4063 497 4130 willelmus
523 4065 697 4142 Boireuux.
723 4075 759 4132 et
773 4105 947 4118 -—-
972 4091 1052 4135 uxor
1076 4071 1157 4156 ejus,
1182 4073 1295 4132 tenent
1323 4066 1499 4130 inmediete
1529 4064 1570 4130 de
1598 4062 1772 4129 heredibus

267 4153 398 4216 comitis
421 4152 614 4217 Hereiurdie
640 4161 729 4219 ceris
753 4165 869 4220 terrms
894 4164 929 4222 et
952 4163 1144 4223 tenemeutn
1170 4157 1204 4219 in
1231 4155 1489 4248 Helvidiusque
1513 4172 1619 4236 nuper
1641 4151 1771 4216 fuerunt

267 4238 433 4304 Johnnnes
450 4240 613 4320 Selemsn,
631 4262 690 4326 per
705 4243 877 4308 servicium
892 4246 937 4310 di.
953 4243 977 4311 i.
994 4269 1039 4312 m.

310 4385 469 4451 Rcbertus
485 4387 702 4472 Hnugericrd,
718 4385 873 4469 cbivsler,
891 4396 983 4455 tenet
998 4390 1185 4468 inmedinbe‚
1202 4388 1243 4452 de
1259 4408 1323 4476 quo
1338 4389 1349 4449 i
1396 4390 1502 4463 orent,
1515 4389 1606 4448 certe
1619 4388 1723 4448 terras
1738 4387 1773 4446 eb

266 4478 457 4538 tenementis
471 4475 507 4537 in
522 4476 666 4541 Huunnn
682 4476 881 4556 Huvvrssnn,
898 4498 961 4560 que
976 4497 1081 4560 nuper
1096 4479 1229 4540 fuerunt
1252 4475 1358 4538 Nicbo
1371 4475 1403 4538 si
1425 4471 1498 4556 Pyl,
1515 4491 1573 4554 per
1598 4471 1770 4536 servicium

265 4569 380 4644 quarte
394 4562 500 4645 partie
515 4581 570 4626 un.
587 4560 612 4627 f.
629 4583 673 4626 m.

309 4697 473 4764 Robertus
487 4698 613 4775 Funere,
625 4696 793 4763 Jebunnes
808 4697 926 4784 Spene,
939 4708 974 4764 et
988 4699 1156 4766 Johnnnes
1171 4698 1259 4784 Bryd
1275 4702 1390 4763 tenent
1405 4696 1585 4762 inmediute
1599 4694 1640 4758 de
1653 4693 1771 4758 ubbuie

266 4783 437 4850 (ilustonie
464 4791 555 4850 certe
584 4791 686 4850 terrae
712 4792 749 4851 ei
777 4793 976 4866 tenementis,
1001 4809 1063 4872 qne
1092 4808 1198 4874 nuper
1223 4787 1353 4852 inerunt
1384 4785 1524 4850 liuberti
1553 4782 1704 4866 Fysours,
1735 4782 1770 4844 in

267 4870 402 4939 Leucus
417 4882 452 4938 et
468 4875 648 4952 Crescens,
664 4894 721 4957 per
736 4875 912 4940 servicium
926 4895 983 4941 un.
1000 4874 1023 4942 i.
1039 4898 1084 4944 m.

309 5017 501 5082 Iidmundus
515 5019 622 5084 Furde
636 5026 728 5086 tenet
741 5021 923 5086 inmediute
938 5023 979 5088 de
993 5023 1110 5088 sbbnbe
1122 5021 1292 5086 Glnstonie
1303 5025 1393 5084 certe
1404 5023 1508 5082 terres
1522 5019 1557 5080 et
1573 5019 1772 5094 momente,

267 5125 329 5187 que
345 5126 447 5191 nuper
461 5107 593 5171 luerunt
606 5104 766 5172 Jchsnnis
779 5109 821 5173 de
838 5109 948 5191 Hales,
964 5111 999 5174 in
1014 5110 1183 5179 Cnovuorn
1198 5129 1254 5194 per
1270 5107 1440 5172 servicium
1455 5105 1500 5168 di.
1516 5102 1540 5169 f.
1557 5123 1604 5170 m.

307 5259 465 5324 liebertus
480 5259 607 5324 Russell
622 5265 711 5325 tenet
725 5263 904 5328 inmediste
926 5263 968 5327 de
981 5261 1129 5327 Johunne
1143 5259 1248 5326 Orcck
1268 5266 1358 5324 certe
1373 5263 1471 5320 tems
1483 5260 1519 5319 et
1534 5259 1720 5318 tenemenbe
1735 5255 1770 5317 in

267 5345 543 5426 COKBIAESBORWB,
561 5367 623 5430 que
638 5368 741 5432 nuper
756 5349 889 5419 suerum
902 5348 1059 5416 Johnnnis
1074 5347 1324 5429 Cokelesburwe,
1340 5367 1397 5430 per
1413 5343 1583 5460 servicium
1599 5341 1645 5410 di.
1662 5341 1685 5408 i.
1702 5362 1748 5410 m.
