4092 6117
285 573 350 638 266
901 574 1173 644 WILTSHIRE.

329 859 489 925 Robertus
505 863 652 940 Confold,
666 869 701 927 et
715 863 869 928 Johanna
884 886 963 928 uxor
978 865 1061 948 ejus,
1075 871 1191 930 tenent
1215 867 1396 931 inmediate
1422 865 1462 931 de
1485 867 1610 931 Thomu
1638 865 1788 943 Erebum,

284 955 318 1007 et
334 947 470 1031 lignete,
486 970 584 1012 uxore
598 951 682 1036 siue,
695 950 735 1014 de
749 951 822 1036 jure
837 953 941 1035 ipsius
957 955 1104 1037 Agnetis,
1121 955 1163 1018 ad
1179 955 1360 1018 terminum
1375 956 1444 1018 vite
1467 955 1612 1038 predicte
1628 952 1787 1029 Johaune‚

282 1042 370 1096 oerts
385 1047 486 1099 terras
501 1043 535 1100 et
549 1045 739 1102 tenementa
753 1042 787 1101 in
805 1039 1042 1119 Buuuruorou,
1053 1062 1116 1126 que
1130 1061 1234 1125 nuper
1249 1042 1382 1106 luerunt
1398 1040 1488 1106 Petri
1505 1043 1546 1106 de
1563 1039 1786 1124 Bulkyngton,

286 1139 344 1202 per
359 1124 533 1187 servicium
547 1126 593 1187 di.
608 1124 632 1190 f.
650 1145 705 1190 un.
722 1148 767 1192 m.

326 1258 465 1324 Thomas
478 1260 520 1325 de
536 1262 649 1327 Monte
665 1267 778 1342 Aouto,
793 1286 901 1329 comes
917 1265 1109 1344 Sarisburirs,
1127 1273 1218 1331 tenet
1242 1267 1419 1331 inmediate
1434 1267 1475 1330 de
1491 1268 1623 1332 domino
1638 1287 1715 1352 rege
1731 1267 1783 1331 io.

154 1383 158 1390 ·
284 1355 372 1410 oerta
386 1355 486 1412 terras
500 1356 535 1412 et
550 1357 738 1416 tenemento
754 1354 787 1414 in
804 1354 1018 1432 Eunaeum,
1035 1375 1092 1438 per
1107 1355 1282 1418 servioium
1297 1376 1353 1420 un.
1370 1356 1394 1420 f.
1410 1377 1456 1420 m.

328 1484 433 1564 Anna,
449 1487 615 1551 eomitissa
639 1488 821 1569 Staffordie,
835 1494 929 1554 tenet
954 1491 1134 1554 inmediate
1160 1491 1200 1554 de
1227 1491 1360 1554 domino
1376 1511 1449 1574 rege
1463 1490 1516 1555 ιο.
1531 1497 1620 1554 certa
1635 1499 1736 1553 terras
1751 1495 1786 1553 et

284 1579 471 1636 tenementa
484 1575 519 1636 in
537 1575 661 1655 Sauos,
677 1597 734 1659 per
748 1577 919 1640 serrioium
937 1588 1051 1662 quarte
1067 1579 1171 1662 partis
1186 1578 1210 1642 f.
1228 1599 1284 1643 un.
1302 1600 1347 1643 m.

326 1709 450 1775 Dicunt
472 1713 575 1775 eciam
601 1714 740 1795 predicti
761 1714 926 1798 juratores
954 1715 1041 1797 quod
1065 1714 1153 1779 nulle
1179 1721 1257 1779 sunt
1282 1715 1345 1778 alie
1369 1733 1504 1799 persone
1534 1715 1603 1778 sire
1633 1717 1786 1777 tenentes

283 1798 368 1861 infra
397 1797 603 1864 hundredum
634 1801 819 1883 predictum
848 1803 952 1866 seisiti
983 1805 1016 1865 in
1048 1802 1217 1865 dominioo
1248 1823 1306 1866 suo
1335 1803 1514 1866 iumediate
1547 1809 1584 1864 ut
1614 1801 1655 1864 de
1685 1800 1786 1862 libero

281 1894 480 1964 tenemento,
496 1888 599 1951 under
612 1888 711 1951 iidem
727 1909 863 1972 persone
886 1891 955 1952 sive
980 1896 1132 1953 tenentes
1157 1888 1387 1972 possessionati
1415 1891 1574 1967 existunt,
1590 1889 1647 1972 qui
1673 1892 1786 1949 tenent

282 1973 520 2122 perlintegrum
535 1974 668 2038 feodum
683 1976 802 2038 militis
817 1976 961 2041 mediate
980 1980 1049 2055 (sic)
1068 1978 1201 2041 terciam
1219 1977 1269 2040 vel
1292 1983 1443 2062 quartam
1471 1982 1596 2060 partem
1626 1995 1681 2039 un.
1699 1975 1721 2038 l.
1738 1994 1784 2039 m.

284 2081 338 2123 mo
352 2081 452 2126 usrve.

327 2197 367 2259 In
382 2197 476 2280 eujus
490 2199 537 2261 rei
553 2201 781 2263 testimonium
797 2205 860 2265 ete.

787 2393 873 2400 -,--

807 2525 1030 2592 Huunnsnuu
1054 2548 1097 2592 nn
1120 2527 1263 2592 MERE.

329 2663 505 2747 Inquisioio
530 2673 627 2748 capta
652 2664 739 2748 apud
763 2665 855 2728 Mera
882 2666 934 2728 die
957 2665 1076 2728 Martis
1099 2665 1244 2748 proximo
1271 2669 1343 2748 post
1363 2663 1485 2726 festum
1509 2661 1621 2727 Sancti
1638 2661 1785 2725 Barnsbe

286 2751 444 2833 Apostoli,
460 2771 548 2813 anno
570 2753 663 2836 regni
688 2753 774 2836 regis
800 2752 935 2815 Henrioi
960 2754 1046 2816 sexti
1068 2761 1141 2837 post
1162 2757 1378 2837 oonquestum
1395 2757 1497 2830 sexto,
1514 2771 1620 2813 coram
1637 2747 1786 2813 Johanne

285 2837 386 2920 Payn,
401 2837 542 2901 Boberto
558 2838 665 2921 Etley‚
682 2837 831 2903 Johanne
857 2839 990 2924 Sturmy
1006 2841 1046 2903 de
1061 2839 1214 2918 Axeford,
1238 2839 1387 2904 Johanne
1403 2838 1491 2923 Bryd
1506 2838 1548 2900 de
1564 2833 1783 2920 Marleburgh,

284 2925 423 2988 lienrioo
450 2925 617 3008 Bradeley,
643 2924 792 2989 Johsnue
817 2927 951 3012 Sturmy
978 2928 1018 2991 de
1048 2926 1306 3005 Waohsnesfeld,
1333 2924 1482 2989 Johanne
1499 2925 1599 3008 Buye,
1619 2923 1785 2986 Willelmo

284 3011 368 3074 Lord
396 3011 435 3075 de
464 3012 556 3075 Nova
585 3012 777 3091 Sarisburia,
815 3020 851 3077 et
887 3014 1038 3078 Johanne
1076 3013 1263 3078 Mountfort
1298 3013 1338 3076 de
1376 3013 1441 3097 Lye
1478 3013 1572 3098 juxta
1603 3011 1783 3093 Westbury‚

282 3100 506 3163 oolleotoribus
520 3099 659 3162 subsidii
672 3101 799 3163 domiui
815 3104 901 3186 regis
915 3103 951 3163 in
965 3103 1128 3165 comitatu
1145 3101 1263 3165 Wiltes
1278 3103 1313 3164 in
1329 3099 1448 3163 ultimo
1473 3100 1691 3183 parliamento
1716 3119 1785 3174 suo,

284 3195 374 3250 tento
403 3187 489 3271 apud
515 3186 844 3250 westmonasterium
868 3189 903 3251 in
930 3188 1095 3274 quindena
1121 3187 1233 3252 Sancti
1263 3186 1435 3251 Michaelis
1465 3187 1585 3250 ultimo
1614 3184 1784 3268 preterita,

284 3274 939 3439 {tettittt‘ttlltilstt
955 3276 1091 3426 ileu
1106 3269 1784 3445 litlltiltiittilitltitllt

285 3449 376 3526 Well,
408 3447 567 3512 Johannis
596 3447 780 3532 Shephurd,
811 3447 971 3513 Johannis
1005 3450 1170 3532 Boueolyf,
1204 3449 1361 3512 Willelmi
1394 3447 1536 3524 Bareiot,
1566 3457 1601 3510 et
1633 3447 1782 3510 Edwardi

286 3535 445 3613 Bolewell
482 3537 674 3620 juratorum,
710 3537 892 3620 juratorum
928 3538 968 3601 de
1006 3536 1177 3601 hundredo
1214 3537 1254 3600 de
1291 3535 1393 3613 Mete,
1431 3537 1486 3618 qui
1529 3536 1644 3598 dicunt
1687 3553 1784 3617 super

282 3632 518 3686 sacramentum
534 3643 629 3686 suum
644 3626 730 3708 quod
745 3644 857 3686 omnes
872 3644 1007 3707 persone
1022 3625 1057 3686 in
1073 3625 1138 3687 ists
1153 3624 1367 3708 inquisicione
1389 3623 1555 3686 nominate
1578 3628 1654 3684 sunt
1677 3623 1785 3684 seisite

281 3719 316 3774 et
351 3712 595 3793 possessionem,
632 3725 667 3774 et
696 3731 808 3775 eorum
837 3711 983 3795 quelibet
1011 3723 1062 3775 est
1093 3713 1208 3775 seisita
1237 3719 1271 3776 et
1308 3711 1528 3794 possessionis
1557 3710 1598 3772 de
1628 3711 1722 3771 terris
1751 3715 1785 3770 et

284 3799 478 3862 tenementis
493 3798 528 3860 in
544 3797 708 3860 dominico
722 3820 779 3863 suo
794 3805 834 3862 ut
847 3799 889 3862 de
903 3799 1006 3863 libero
1021 3805 1226 3878 tenemento,
1240 3807 1275 3862 et
1296 3805 1410 3884 tenent
1435 3818 1493 3862 seu
1515 3803 1606 3860 tenet
1629 3797 1726 3858 modo
1750 3805 1783 3858 et

283 3886 386 3949 forma
400 3885 457 3968 qui
473 3894 641 3970 sequntur,
656 3885 809 3949 videlieet
825 3886 911 3970 quod
922 3912 975 3952 :-

325 4072 486 4136 Walterus
502 4071 722 4158 ilungeriord,
737 4074 843 4153 miles,
858 4075 1011 4139 dominus
1039 4073 1262 4160 Hungerlord,
1277 4081 1371 4139 tenet
1395 4075 1576 4138 manerium
1603 4072 1643 4136 de
1670 4071 1783 4149 Murra,

281 4161 322 4224 nd
348 4162 528 4223 terminum
551 4162 620 4223 vite
644 4181 702 4224 sue
728 4161 770 4224 de
795 4161 929 4227 domino
955 4184 1029 4249 rege
1054 4185 1093 4226 ex
1121 4165 1205 4228 dono
1230 4170 1263 4225 et
1288 4161 1495 4226 concessione
1509 4160 1635 4224 domini
1652 4159 1785 4223 Henrioi

281 4268 383 4330 nuper
397 4247 485 4330 regis
501 4247 629 4333 anglie,
643 4249 746 4332 patris
761 4250 886 4312 domiui
901 4252 990 4334 regis
1005 4271 1102 4329 nuno,
1120 4271 1177 4333 pro
1191 4249 1276 4313 bono
1291 4249 1427 4313 servicio
1450 4249 1559 4312 eidem
1582 4266 1686 4330 nuper
1713 4246 1783 4330 regi

280 4339 430 4418 impenso
456 4355 512 4418 pro
536 4336 687 4399 omnibus
709 4335 784 4399 aliis
808 4339 953 4402 serviciis
968 4337 1047 4401 inde
1062 4338 1170 4416 saetis,
1185 4337 1272 4422 quod
1287 4336 1422 4423 quidem
1437 4337 1619 4400 manerium
1634 4335 1784 4418 prinoeps

281 4421 442 4487 cornubie
456 4422 621 4506 quondam
634 4425 748 4487 tenuit
762 4423 802 4487 de
819 4443 907 4508 rege,
921 4447 980 4510 per
994 4447 1050 4490 un.
1066 4424 1090 4488 f.
1106 4446 1152 4491 m.

322 4557 461 4621 Thomas
487 4556 666 4638 chaworth,
690 4558 845 4635 euivalea
865 4567 956 4624 tenet
982 4562 1175 4626 immediate
1201 4564 1236 4624 in
1266 4561 1562 4629 Snunssrunssuur
1591 4556 1633 4618 de
1665 4555 1783 4618 uomite

279 4645 459 4800 {fflffi
471 4654 562 4796 {prpe
572 4652 676 4799 ἔπιε
691 4653 727 4712 et
741 4655 939 4727 tenemento,
957 4669 1021 4731 que
1046 4669 1151 4733 nuper
1177 4649 1312 4713 fuerunt
1326 4649 1450 4712 Thome
1464 4646 1505 4710 de
1520 4643 1713 4728 Aylesbury,
1727 4662 1783 4726 per

323 4870 416 4935 Idem
448 4868 587 4935 Thomas
613 4869 784 4936 Charrorth
808 4879 903 4936 tenet
929 4873 1123 4937 immediate
1150 4873 1191 4937 de
1218 4893 1294 4959 rege
1322 4873 1357 4935 in
1383 4872 1491 4939 Sanus
1516 4873 1606 4932 certa
1629 4873 1729 4930 terras
1749 4875 1782 4930 et

278 4966 473 5036 tenementa,
489 4957 654 5042 quondam
670 4956 828 5022 Johannis
842 4962 884 5023 de
901 4960 1025 5039 Insula,
1040 4982 1099 5044 pro
1114 4981 1178 5046 quo
1193 4961 1264 5045 ipse
1278 4959 1444 5024 iohannes
1459 4957 1539 5020 iecit
1554 4955 1688 5019 domino
1711 4955 1782 5038 regi

279 5046 450 5122 relevium,
463 5065 523 5128 per
538 5045 711 5108 servicium
727 5047 772 5111 di.
788 5047 811 5111 f.
829 5069 874 5113 m.

321 5181 505 5245 Willslmns
527 5180 656 5260 Poulet,
681 5190 716 5247 et
738 5183 841 5247 Alioia
864 5205 944 5249 uror
965 5187 1050 5271 ejus,
1065 5189 1181 5248 tenent
1206 5182 1402 5247 immediate
1427 5181 1462 5242 iu
1492 5177 1600 5245 Snuns
1624 5181 1660 5238 et
1674 5175 1782 5240 Punvs

276 5273 502 5336 Ausansnuar
516 5269 557 5332 de
580 5271 700 5334 comite
727 5269 905 5336 Sarisburie
930 5283 1020 5338 oerta
1044 5281 1145 5336 terras
1169 5279 1205 5336 et
1231 5275 1429 5346 tenemento,
1444 5264 1608 5351 quondam
1623 5261 1783 5326 Johannis

280 5357 382 5437 Seles,
397 5377 457 5441 per
472 5356 643 5420 servitium
658 5358 703 5424 di.
720 5359 743 5424 l.
759 5382 805 5425 m.
