<?xml version="1.0" encoding="UTF-8"?>
<!DOCTYPE html PUBLIC "-//W3C//DTD XHTML 1.0 Transitional//EN"
    "http://www.w3.org/TR/xhtml1/DTD/xhtml1-transitional.dtd">
<html xmlns="http://www.w3.org/1999/xhtml" xml:lang="en" lang="en">
 <head>
  <title>
</title>
<meta http-equiv="Content-Type" content="text/html;charset=utf-8" />
  <meta name='ocr-system' content='tesseract 3.04.00' />
  <meta name='ocr-capabilities' content='ocr_page ocr_carea ocr_par ocr_line ocrx_word'/>
</head>
<body>
  <div class='ocr_page' id='page_1' title='image "./inquisitionsand03offigoog_0247.png"; bbox 0 0 4092 6117; ppageno 0'>
   <div class='ocr_carea' id='block_1_1' title="bbox 900 569 1750 664">
    <p class='ocr_par' dir='ltr' id='par_1_1' title="bbox 900 569 1750 664">
     <span class='ocr_line' id='line_1_1' title="bbox 900 569 1750 664; baseline -0.002 -2"><span class='ocrx_word' id='word_1_1' title='bbox 900 588 982 663; x_wconf 71' lang='lat' dir='ltr'>nn.</span> <span class='ocrx_word' id='word_1_2' title='bbox 1007 589 1104 664; x_wconf 78' lang='lat' dir='ltr'>raas.</span> <span class='ocrx_word' id='word_1_3' title='bbox 1687 569 1750 662; x_wconf 73' lang='lat' dir='ltr'>aa</span> 
     </span>
    </p>
   </div>
   <div class='ocr_carea' id='block_1_2' title="bbox 245 884 1750 1162">
    <p class='ocr_par' dir='ltr' id='par_1_2' title="bbox 245 884 1750 1162">
     <span class='ocr_line' id='line_1_2' title="bbox 287 884 1750 971; baseline -0.001 -22"><span class='ocrx_word' id='word_1_4' title='bbox 287 884 452 949; x_wconf 86' lang='lat' dir='ltr'>Johanues</span> <span class='ocrx_word' id='word_1_5' title='bbox 468 885 636 969; x_wconf 88' lang='lat' dir='ltr'>spendour</span> <span class='ocrx_word' id='word_1_6' title='bbox 650 892 744 950; x_wconf 84' lang='lat' dir='ltr'>tenet</span> <span class='ocrx_word' id='word_1_7' title='bbox 759 887 952 950; x_wconf 79' lang='lat' dir='ltr'>immediate</span> <span class='ocrx_word' id='word_1_8' title='bbox 972 886 1014 951; x_wconf 93' lang='lat' dir='ltr'>de</span> <span class='ocrx_word' id='word_1_9' title='bbox 1040 891 1189 971; x_wconf 89' lang='lat' dir='ltr'>episcopo</span> <span class='ocrx_word' id='word_1_10' title='bbox 1216 885 1447 950; x_wconf 87' lang='lat' dir='ltr'>sarisburiensi</span> <span class='ocrx_word' id='word_1_11' title='bbox 1472 891 1562 950; x_wconf 88' lang='lat' dir='ltr'>certa</span> <span class='ocrx_word' id='word_1_12' title='bbox 1589 895 1689 950; x_wconf 79' lang='lat' dir='ltr'>terras</span> <span class='ocrx_word' id='word_1_13' title='bbox 1715 889 1750 948; x_wconf 88' lang='lat' dir='ltr'>et</span> 
     </span>
     <span class='ocr_line' id='line_1_3' title="bbox 245 973 1749 1058; baseline -0.001 -22"><span class='ocrx_word' id='word_1_14' title='bbox 245 979 433 1036; x_wconf 85' lang='lat' dir='ltr'>tenementa</span> <span class='ocrx_word' id='word_1_15' title='bbox 461 974 498 1036; x_wconf 90' lang='lat' dir='ltr'>in</span> <span class='ocrx_word' id='word_1_16' title='bbox 527 974 678 1050; x_wconf 75' lang='lat' dir='ltr'>Euenos,</span> <span class='ocrx_word' id='word_1_17' title='bbox 704 994 766 1058; x_wconf 88' lang='lat' dir='ltr'>qne</span> <span class='ocrx_word' id='word_1_18' title='bbox 793 993 897 1058; x_wconf 84' lang='lat' dir='ltr'><strong>nuper</strong></span> <span class='ocrx_word' id='word_1_19' title='bbox 922 974 1056 1039; x_wconf 79' lang='lat' dir='ltr'>fuerunt</span> <span class='ocrx_word' id='word_1_20' title='bbox 1079 973 1238 1037; x_wconf 87' lang='lat' dir='ltr'>Johannis</span> <span class='ocrx_word' id='word_1_21' title='bbox 1268 974 1394 1052; x_wconf 86' lang='lat' dir='ltr'>Trevet,</span> <span class='ocrx_word' id='word_1_22' title='bbox 1425 977 1458 1037; x_wconf 87' lang='lat' dir='ltr'>et</span> <span class='ocrx_word' id='word_1_23' title='bbox 1489 974 1749 1058; x_wconf 87' lang='lat' dir='ltr'>parcenariorum</span> 
     </span>
     <span class='ocr_line' id='line_1_4' title="bbox 246 1062 1136 1162; baseline 0.008 -40"><span class='ocrx_word' id='word_1_24' title='bbox 246 1081 387 1138; x_wconf 89' lang='lat' dir='ltr'>suorum,</span> <span class='ocrx_word' id='word_1_25' title='bbox 404 1081 464 1143; x_wconf 89' lang='lat' dir='ltr'>per</span> <span class='ocrx_word' id='word_1_26' title='bbox 478 1062 651 1125; x_wconf 81' lang='lat' dir='ltr'><strong>servicium</strong></span> <span class='ocrx_word' id='word_1_27' title='bbox 667 1070 783 1146; x_wconf 89' lang='lat' dir='ltr'>qmnte</span> <span class='ocrx_word' id='word_1_28' title='bbox 798 1062 903 1145; x_wconf 88' lang='lat' dir='ltr'>partis</span> <span class='ocrx_word' id='word_1_29' title='bbox 917 1063 941 1126; x_wconf 82' lang='lat' dir='ltr'>f.</span> <span class='ocrx_word' id='word_1_30' title='bbox 956 1082 1013 1127; x_wconf 90' lang='lat' dir='ltr'>un.</span> <span class='ocrx_word' id='word_1_31' title='bbox 1030 1083 1076 1128; x_wconf 90' lang='lat' dir='ltr'>m.</span> <span class='ocrx_word' id='word_1_32' title='bbox 1133 1153 1136 1162; x_wconf 30' lang='grc' dir='ltr'>Ι</span> 
     </span>
    </p>
   </div>
   <div class='ocr_carea' id='block_1_3' title="bbox 245 1197 1751 1455">
    <p class='ocr_par' dir='ltr' id='par_1_3' title="bbox 245 1197 1751 1455">
     <span class='ocr_line' id='line_1_5' title="bbox 289 1197 1749 1284; baseline -0.003 -20"><span class='ocrx_word' id='word_1_33' title='bbox 289 1197 473 1264; x_wconf 91' lang='lat' dir='ltr'>Willelmus</span> <span class='ocrx_word' id='word_1_34' title='bbox 489 1197 606 1277; x_wconf 87' lang='lat' dir='ltr'>Shirle,</span> <span class='ocrx_word' id='word_1_35' title='bbox 616 1205 651 1261; x_wconf 89' lang='lat' dir='ltr'>et</span> <span class='ocrx_word' id='word_1_36' title='bbox 667 1199 870 1276; x_wconf 81' lang='lat' dir='ltr'>Alicia,uxor</span> <span class='ocrx_word' id='word_1_37' title='bbox 885 1199 966 1284; x_wconf 83' lang='lat' dir='ltr'>ejus,</span> <span class='ocrx_word' id='word_1_38' title='bbox 976 1203 1092 1264; x_wconf 88' lang='lat' dir='ltr'>tenent</span> <span class='ocrx_word' id='word_1_39' title='bbox 1106 1199 1296 1264; x_wconf 88' lang='lat' dir='ltr'>immediate</span> <span class='ocrx_word' id='word_1_40' title='bbox 1307 1200 1347 1262; x_wconf 90' lang='lat' dir='ltr'>de</span> <span class='ocrx_word' id='word_1_41' title='bbox 1358 1200 1508 1283; x_wconf 90' lang='lat' dir='ltr'>episcopo</span> <span class='ocrx_word' id='word_1_42' title='bbox 1517 1197 1749 1263; x_wconf 76' lang='lat' dir='ltr'>sarisburiensi</span> 
     </span>
     <span class='ocr_line' id='line_1_6' title="bbox 245 1284 1751 1372; baseline 0.001 -25"><span class='ocrx_word' id='word_1_43' title='bbox 245 1291 333 1348; x_wconf 91' lang='lat' dir='ltr'>certa</span> <span class='ocrx_word' id='word_1_44' title='bbox 349 1289 451 1348; x_wconf 87' lang='lat' dir='ltr'>terras</span> <span class='ocrx_word' id='word_1_45' title='bbox 464 1291 500 1350; x_wconf 91' lang='lat' dir='ltr'>et</span> <span class='ocrx_word' id='word_1_46' title='bbox 514 1291 706 1349; x_wconf 88' lang='lat' dir='ltr'>tenemeuta</span> <span class='ocrx_word' id='word_1_47' title='bbox 721 1287 757 1349; x_wconf 92' lang='lat' dir='ltr'>in</span> <span class='ocrx_word' id='word_1_48' title='bbox 772 1286 942 1364; x_wconf 68' lang='grc' dir='ltr'>ΒοΒυτοΝ,</span> <span class='ocrx_word' id='word_1_49' title='bbox 959 1307 1023 1372; x_wconf 92' lang='lat' dir='ltr'>que</span> <span class='ocrx_word' id='word_1_50' title='bbox 1046 1306 1150 1369; x_wconf 83' lang='lat' dir='ltr'>nuper</span> <span class='ocrx_word' id='word_1_51' title='bbox 1177 1289 1308 1350; x_wconf 86' lang='lat' dir='ltr'>tirerunt</span> <span class='ocrx_word' id='word_1_52' title='bbox 1333 1284 1495 1350; x_wconf 88' lang='lat' dir='ltr'>Johannis</span> <span class='ocrx_word' id='word_1_53' title='bbox 1518 1287 1560 1349; x_wconf 87' lang='lat' dir='ltr'>de</span> <span class='ocrx_word' id='word_1_54' title='bbox 1587 1284 1751 1362; x_wconf 90' lang='lat' dir='ltr'>Bobuton,</span> 
     </span>
     <span class='ocr_line' id='line_1_7' title="bbox 246 1372 664 1455; baseline 0.012 -22"><span class='ocrx_word' id='word_1_55' title='bbox 246 1393 302 1455; x_wconf 88' lang='lat' dir='ltr'>per</span> <span class='ocrx_word' id='word_1_56' title='bbox 317 1373 491 1436; x_wconf 81' lang='lat' dir='ltr'>servicium</span> <span class='ocrx_word' id='word_1_57' title='bbox 506 1394 561 1439; x_wconf 90' lang='lat' dir='ltr'>un.</span> <span class='ocrx_word' id='word_1_58' title='bbox 576 1372 601 1437; x_wconf 81' lang='lat' dir='ltr'>f.</span> <span class='ocrx_word' id='word_1_59' title='bbox 618 1395 664 1438; x_wconf 92' lang='lat' dir='ltr'>m.</span> 
     </span>
    </p>
   </div>
   <div class='ocr_carea' id='block_1_4' title="bbox 245 1508 1751 2031">
    <p class='ocr_par' dir='ltr' id='par_1_4' title="bbox 245 1508 1751 2031">
     <span class='ocr_line' id='line_1_8' title="bbox 289 1508 1750 1594; baseline 0 -21"><span class='ocrx_word' id='word_1_60' title='bbox 289 1509 455 1574; x_wconf 88' lang='lat' dir='ltr'>Johannes</span> <span class='ocrx_word' id='word_1_61' title='bbox 480 1508 633 1574; x_wconf 83' lang='lat' dir='ltr'>Nicholns</span> <span class='ocrx_word' id='word_1_62' title='bbox 659 1515 750 1575; x_wconf 83' lang='lat' dir='ltr'>tenet</span> <span class='ocrx_word' id='word_1_63' title='bbox 774 1511 965 1575; x_wconf 73' lang='lat' dir='ltr'>immediate</span> <span class='ocrx_word' id='word_1_64' title='bbox 990 1510 1032 1574; x_wconf 93' lang='lat' dir='ltr'>de</span> <span class='ocrx_word' id='word_1_65' title='bbox 1058 1511 1209 1594; x_wconf 89' lang='lat' dir='ltr'>episcopo</span> <span class='ocrx_word' id='word_1_66' title='bbox 1234 1509 1465 1575; x_wconf 81' lang='lat' dir='ltr'>Sarisburiensi</span> <span class='ocrx_word' id='word_1_67' title='bbox 1493 1517 1580 1574; x_wconf 86' lang='lat' dir='ltr'>certa</span> <span class='ocrx_word' id='word_1_68' title='bbox 1601 1515 1750 1574; x_wconf 78' lang='lat' dir='ltr'>terreret</span> 
     </span>
     <span class='ocr_line' id='line_1_9' title="bbox 246 1597 1751 1682; baseline 0.001 -23"><span class='ocrx_word' id='word_1_69' title='bbox 246 1603 435 1661; x_wconf 80' lang='lat' dir='ltr'>tenementa</span> <span class='ocrx_word' id='word_1_70' title='bbox 450 1599 484 1660; x_wconf 92' lang='lat' dir='ltr'>in</span> <span class='ocrx_word' id='word_1_71' title='bbox 501 1599 679 1676; x_wconf 83' lang='lat' dir='ltr'>Rvucwsv,</span> <span class='ocrx_word' id='word_1_72' title='bbox 695 1619 758 1681; x_wconf 89' lang='lat' dir='ltr'>que</span> <span class='ocrx_word' id='word_1_73' title='bbox 773 1619 877 1681; x_wconf 88' lang='lat' dir='ltr'>nuper</span> <span class='ocrx_word' id='word_1_74' title='bbox 890 1598 1024 1662; x_wconf 83' lang='lat' dir='ltr'>fuerunt</span> <span class='ocrx_word' id='word_1_75' title='bbox 1040 1597 1197 1662; x_wconf 83' lang='lat' dir='ltr'>Willelmi</span> <span class='ocrx_word' id='word_1_76' title='bbox 1213 1597 1363 1676; x_wconf 84' lang='lat' dir='ltr'>Dolmau,</span> <span class='ocrx_word' id='word_1_77' title='bbox 1377 1619 1434 1681; x_wconf 91' lang='lat' dir='ltr'>per</span> <span class='ocrx_word' id='word_1_78' title='bbox 1449 1597 1619 1661; x_wconf 81' lang='lat' dir='ltr'>servicium</span> <span class='ocrx_word' id='word_1_79' title='bbox 1635 1598 1751 1682; x_wconf 83' lang='lat' dir='ltr'>quinte</span> 
     </span>
     <span class='ocr_line' id='line_1_10' title="bbox 246 1685 1750 1768; baseline 0 -20"><span class='ocrx_word' id='word_1_80' title='bbox 246 1687 349 1767; x_wconf 85' lang='lat' dir='ltr'>partis</span> <span class='ocrx_word' id='word_1_81' title='bbox 372 1687 395 1750; x_wconf 85' lang='lat' dir='ltr'>f.</span> <span class='ocrx_word' id='word_1_82' title='bbox 413 1705 469 1749; x_wconf 90' lang='lat' dir='ltr'>un.</span> <span class='ocrx_word' id='word_1_83' title='bbox 486 1707 531 1750; x_wconf 88' lang='lat' dir='ltr'>m.</span> <span class='ocrx_word' id='word_1_84' title='bbox 555 1694 591 1748; x_wconf 85' lang='lat' dir='ltr'>et</span> <span class='ocrx_word' id='word_1_85' title='bbox 615 1701 705 1749; x_wconf 85' lang='lat' dir='ltr'>certa</span> <span class='ocrx_word' id='word_1_86' title='bbox 731 1692 834 1749; x_wconf 89' lang='lat' dir='ltr'>terras</span> <span class='ocrx_word' id='word_1_87' title='bbox 860 1693 895 1748; x_wconf 89' lang='lat' dir='ltr'>et</span> <span class='ocrx_word' id='word_1_88' title='bbox 919 1693 1109 1749; x_wconf 87' lang='lat' dir='ltr'>tenementa</span> <span class='ocrx_word' id='word_1_89' title='bbox 1133 1687 1169 1748; x_wconf 92' lang='lat' dir='ltr'>in</span> <span class='ocrx_word' id='word_1_90' title='bbox 1193 1686 1372 1762; x_wconf 82' lang='lat' dir='ltr'>Rvuewnv,</span> <span class='ocrx_word' id='word_1_91' title='bbox 1398 1705 1461 1768; x_wconf 92' lang='lat' dir='ltr'>que</span> <span class='ocrx_word' id='word_1_92' title='bbox 1484 1705 1588 1768; x_wconf 87' lang='lat' dir='ltr'>nuper</span> <span class='ocrx_word' id='word_1_93' title='bbox 1613 1685 1750 1748; x_wconf 86' lang='lat' dir='ltr'>fuerunt</span> 
     </span>
     <span class='ocr_line' id='line_1_11' title="bbox 246 1770 1751 1857; baseline -0.001 -21"><span class='ocrx_word' id='word_1_94' title='bbox 246 1772 411 1855; x_wconf 84' lang='lat' dir='ltr'>Radulpbi</span> <span class='ocrx_word' id='word_1_95' title='bbox 425 1771 485 1835; x_wconf 86' lang='lat' dir='ltr'>filii</span> <span class='ocrx_word' id='word_1_96' title='bbox 502 1771 653 1835; x_wconf 86' lang='lat' dir='ltr'>Nicboiai</span> <span class='ocrx_word' id='word_1_97' title='bbox 669 1770 878 1857; x_wconf 23' lang='lat' dir='ltr'>Uphull,·per</span> <span class='ocrx_word' id='word_1_98' title='bbox 892 1772 1065 1836; x_wconf 77' lang='lat' dir='ltr'>servicium</span> <span class='ocrx_word' id='word_1_99' title='bbox 1081 1782 1135 1836; x_wconf 76' lang='lat' dir='ltr'>ume</span> <span class='ocrx_word' id='word_1_100' title='bbox 1149 1773 1252 1856; x_wconf 86' lang='lat' dir='ltr'>partis</span> <span class='ocrx_word' id='word_1_101' title='bbox 1275 1771 1298 1838; x_wconf 90' lang='lat' dir='ltr'>f.</span> <span class='ocrx_word' id='word_1_102' title='bbox 1316 1793 1371 1835; x_wconf 90' lang='lat' dir='ltr'>uu.</span> <span class='ocrx_word' id='word_1_103' title='bbox 1388 1793 1433 1836; x_wconf 91' lang='lat' dir='ltr'>m.</span> <span class='ocrx_word' id='word_1_104' title='bbox 1449 1779 1484 1835; x_wconf 87' lang='lat' dir='ltr'>et</span> <span class='ocrx_word' id='word_1_105' title='bbox 1498 1777 1587 1835; x_wconf 82' lang='lat' dir='ltr'>certe</span> <span class='ocrx_word' id='word_1_106' title='bbox 1602 1778 1702 1835; x_wconf 88' lang='lat' dir='ltr'>terras</span> <span class='ocrx_word' id='word_1_107' title='bbox 1716 1777 1751 1834; x_wconf 87' lang='lat' dir='ltr'>et</span> 
     </span>
     <span class='ocr_line' id='line_1_12' title="bbox 245 1857 1749 1944; baseline 0 -22"><span class='ocrx_word' id='word_1_108' title='bbox 245 1864 435 1924; x_wconf 86' lang='lat' dir='ltr'>tenementa</span> <span class='ocrx_word' id='word_1_109' title='bbox 450 1861 484 1922; x_wconf 91' lang='lat' dir='ltr'>in</span> <span class='ocrx_word' id='word_1_110' title='bbox 500 1861 680 1937; x_wconf 75' lang='lat' dir='ltr'>ervcwus,</span> <span class='ocrx_word' id='word_1_111' title='bbox 696 1880 758 1942; x_wconf 88' lang='lat' dir='ltr'>que</span> <span class='ocrx_word' id='word_1_112' title='bbox 782 1879 888 1942; x_wconf 86' lang='lat' dir='ltr'>nuper</span> <span class='ocrx_word' id='word_1_113' title='bbox 912 1860 1049 1923; x_wconf 83' lang='lat' dir='ltr'>suerunt</span> <span class='ocrx_word' id='word_1_114' title='bbox 1074 1857 1225 1922; x_wconf 87' lang='lat' dir='ltr'>Nicholai</span> <span class='ocrx_word' id='word_1_115' title='bbox 1240 1859 1280 1922; x_wconf 87' lang='lat' dir='ltr'>de</span> <span class='ocrx_word' id='word_1_116' title='bbox 1294 1859 1492 1944; x_wconf 80' lang='lat' dir='ltr'>Ryngevvey‚</span> <span class='ocrx_word' id='word_1_117' title='bbox 1507 1880 1563 1942; x_wconf 92' lang='lat' dir='ltr'>per</span> <span class='ocrx_word' id='word_1_118' title='bbox 1578 1859 1749 1922; x_wconf 86' lang='lat' dir='ltr'>servicium</span> 
     </span>
     <span class='ocr_line' id='line_1_13' title="bbox 246 1947 611 2031; baseline 0 -19"><span class='ocrx_word' id='word_1_119' title='bbox 246 1957 322 2012; x_wconf 71' lang='lat' dir='ltr'>rurme</span> <span class='ocrx_word' id='word_1_120' title='bbox 337 1948 440 2031; x_wconf 85' lang='lat' dir='ltr'>partis</span> <span class='ocrx_word' id='word_1_121' title='bbox 454 1947 477 2011; x_wconf 87' lang='lat' dir='ltr'>f.</span> <span class='ocrx_word' id='word_1_122' title='bbox 492 1968 549 2012; x_wconf 90' lang='lat' dir='ltr'>un.</span> <span class='ocrx_word' id='word_1_123' title='bbox 565 1969 611 2012; x_wconf 91' lang='lat' dir='ltr'>m.</span> 
     </span>
    </p>
   </div>
   <div class='ocr_carea' id='block_1_5' title="bbox 245 2081 1751 2343">
    <p class='ocr_par' dir='ltr' id='par_1_5' title="bbox 245 2081 1751 2343">
     <span class='ocr_line' id='line_1_14' title="bbox 289 2081 1751 2168; baseline 0 -22"><span class='ocrx_word' id='word_1_124' title='bbox 289 2083 407 2160; x_wconf 69' lang='lat' dir='ltr'>cilicia,</span> <span class='ocrx_word' id='word_1_125' title='bbox 422 2104 485 2168; x_wconf 90' lang='lat' dir='ltr'>que</span> <span class='ocrx_word' id='word_1_126' title='bbox 499 2082 566 2147; x_wconf 84' lang='lat' dir='ltr'>init</span> <span class='ocrx_word' id='word_1_127' title='bbox 581 2105 659 2147; x_wconf 86' lang='lat' dir='ltr'>uxor</span> <span class='ocrx_word' id='word_1_128' title='bbox 674 2081 833 2147; x_wconf 89' lang='lat' dir='ltr'>Johannis</span> <span class='ocrx_word' id='word_1_129' title='bbox 848 2082 1012 2162; x_wconf 87' lang='lat' dir='ltr'>Nicholns,</span> <span class='ocrx_word' id='word_1_130' title='bbox 1029 2089 1123 2147; x_wconf 88' lang='lat' dir='ltr'>tenet</span> <span class='ocrx_word' id='word_1_131' title='bbox 1146 2082 1340 2147; x_wconf 75' lang='lat' dir='ltr'>immediate</span> <span class='ocrx_word' id='word_1_132' title='bbox 1364 2083 1405 2146; x_wconf 93' lang='lat' dir='ltr'>de</span> <span class='ocrx_word' id='word_1_133' title='bbox 1431 2081 1580 2146; x_wconf 89' lang='lat' dir='ltr'>Johauue</span> <span class='ocrx_word' id='word_1_134' title='bbox 1599 2082 1751 2147; x_wconf 88' lang='lat' dir='ltr'>Nicholss</span> 
     </span>
     <span class='ocr_line' id='line_1_15' title="bbox 245 2171 1748 2256; baseline -0.001 -22"><span class='ocrx_word' id='word_1_135' title='bbox 245 2178 335 2234; x_wconf 87' lang='lat' dir='ltr'>certa</span> <span class='ocrx_word' id='word_1_136' title='bbox 349 2177 450 2234; x_wconf 82' lang='lat' dir='ltr'>terras</span> <span class='ocrx_word' id='word_1_137' title='bbox 463 2180 498 2235; x_wconf 86' lang='lat' dir='ltr'>et</span> <span class='ocrx_word' id='word_1_138' title='bbox 512 2175 701 2235; x_wconf 89' lang='lat' dir='ltr'>tenementa</span> <span class='ocrx_word' id='word_1_139' title='bbox 715 2172 750 2234; x_wconf 92' lang='lat' dir='ltr'>in</span> <span class='ocrx_word' id='word_1_140' title='bbox 765 2172 967 2248; x_wconf 73' lang='lat' dir='ltr'>Rundanas,</span> <span class='ocrx_word' id='word_1_141' title='bbox 983 2191 1048 2254; x_wconf 90' lang='lat' dir='ltr'>que</span> <span class='ocrx_word' id='word_1_142' title='bbox 1062 2172 1227 2256; x_wconf 82' lang='lat' dir='ltr'>assignata</span> <span class='ocrx_word' id='word_1_143' title='bbox 1242 2171 1369 2235; x_wconf 87' lang='lat' dir='ltr'>suntin</span> <span class='ocrx_word' id='word_1_144' title='bbox 1384 2171 1506 2249; x_wconf 89' lang='lat' dir='ltr'>dotem,</span> <span class='ocrx_word' id='word_1_145' title='bbox 1533 2192 1595 2255; x_wconf 88' lang='lat' dir='ltr'>que</span> <span class='ocrx_word' id='word_1_146' title='bbox 1619 2172 1748 2235; x_wconf 86' lang='lat' dir='ltr'>fuerunt</span> 
     </span>
     <span class='ocr_line' id='line_1_16' title="bbox 246 2258 1630 2343; baseline 0.005 -26"><span class='ocrx_word' id='word_1_147' title='bbox 246 2258 404 2322; x_wconf 85' lang='lat' dir='ltr'>Willelmi</span> <span class='ocrx_word' id='word_1_148' title='bbox 419 2259 559 2322; x_wconf 87' lang='lat' dir='ltr'>Dolmau</span> <span class='ocrx_word' id='word_1_149' title='bbox 573 2266 607 2322; x_wconf 90' lang='lat' dir='ltr'>et</span> <span class='ocrx_word' id='word_1_150' title='bbox 622 2259 795 2323; x_wconf 86' lang='lat' dir='ltr'>Laurencii</span> <span class='ocrx_word' id='word_1_151' title='bbox 810 2259 909 2341; x_wconf 86' lang='lat' dir='ltr'>Grey,</span> <span class='ocrx_word' id='word_1_152' title='bbox 925 2279 982 2341; x_wconf 90' lang='lat' dir='ltr'>per</span> <span class='ocrx_word' id='word_1_153' title='bbox 997 2259 1171 2322; x_wconf 90' lang='lat' dir='ltr'>servicium</span> <span class='ocrx_word' id='word_1_154' title='bbox 1186 2259 1337 2322; x_wconf 89' lang='lat' dir='ltr'>visecime</span> <span class='ocrx_word' id='word_1_155' title='bbox 1351 2260 1456 2343; x_wconf 86' lang='lat' dir='ltr'>partis</span> <span class='ocrx_word' id='word_1_156' title='bbox 1471 2258 1495 2322; x_wconf 81' lang='lat' dir='ltr'>f.</span> <span class='ocrx_word' id='word_1_157' title='bbox 1511 2278 1568 2324; x_wconf 90' lang='lat' dir='ltr'>un.</span> <span class='ocrx_word' id='word_1_158' title='bbox 1585 2279 1630 2324; x_wconf 91' lang='lat' dir='ltr'>m.</span> 
     </span>
    </p>
   </div>
   <div class='ocr_carea' id='block_1_6' title="bbox 676 2516 1249 2644">
    <p class='ocr_par' dir='ltr' id='par_1_6' title="bbox 676 2516 1249 2644">
     <span class='ocr_line' id='line_1_17' title="bbox 676 2516 1249 2644; baseline 0.003 -22"><span class='ocrx_word' id='word_1_159' title='bbox 676 2636 681 2644; x_wconf 44' lang='grc'><strong>,</strong></span> <span class='ocrx_word' id='word_1_160' title='bbox 746 2557 1007 2625; x_wconf 83' lang='lat' dir='ltr'>aowauacu</span> <span class='ocrx_word' id='word_1_161' title='bbox 1031 2516 1249 2626; x_wconf 78' lang='lat' dir='ltr'>uersuum.</span> 
     </span>
    </p>
   </div>
   <div class='ocr_carea' id='block_1_7' title="bbox 246 2696 1751 2958">
    <p class='ocr_par' dir='ltr' id='par_1_7' title="bbox 246 2696 1751 2958">
     <span class='ocr_line' id='line_1_18' title="bbox 289 2696 1751 2784; baseline -0.002 -21"><span class='ocrx_word' id='word_1_162' title='bbox 289 2699 469 2784; x_wconf 82' lang='lat' dir='ltr'>Episcopus</span> <span class='ocrx_word' id='word_1_163' title='bbox 499 2698 748 2763; x_wconf 70' lang='lat' dir='ltr'>sarisburiensis</span> <span class='ocrx_word' id='word_1_164' title='bbox 779 2705 869 2760; x_wconf 86' lang='lat' dir='ltr'>tenet</span> <span class='ocrx_word' id='word_1_165' title='bbox 901 2696 1092 2759; x_wconf 84' lang='lat' dir='ltr'>immediate</span> <span class='ocrx_word' id='word_1_166' title='bbox 1122 2698 1162 2760; x_wconf 93' lang='lat' dir='ltr'>de</span> <span class='ocrx_word' id='word_1_167' title='bbox 1193 2698 1325 2760; x_wconf 92' lang='lat' dir='ltr'>domino</span> <span class='ocrx_word' id='word_1_168' title='bbox 1355 2717 1429 2782; x_wconf 83' lang='lat' dir='ltr'>rege</span> <span class='ocrx_word' id='word_1_169' title='bbox 1458 2702 1548 2762; x_wconf 87' lang='lat' dir='ltr'>certa</span> <span class='ocrx_word' id='word_1_170' title='bbox 1576 2702 1679 2761; x_wconf 87' lang='lat' dir='ltr'>terras</span> <span class='ocrx_word' id='word_1_171' title='bbox 1716 2703 1751 2760; x_wconf 87' lang='lat' dir='ltr'>et</span> 
     </span>
     <span class='ocr_line' id='line_1_19' title="bbox 246 2784 1750 2871; baseline -0.001 -21"><span class='ocrx_word' id='word_1_172' title='bbox 246 2793 438 2852; x_wconf 71' lang='lat' dir='ltr'>tenementis</span> <span class='ocrx_word' id='word_1_173' title='bbox 461 2789 497 2850; x_wconf 91' lang='lat' dir='ltr'>in</span> <span class='ocrx_word' id='word_1_174' title='bbox 524 2789 681 2853; x_wconf 79' lang='lat' dir='ltr'>Ponunrvs</span> <span class='ocrx_word' id='word_1_175' title='bbox 704 2793 736 2848; x_wconf 89' lang='lat' dir='ltr'>et</span> <span class='ocrx_word' id='word_1_176' title='bbox 764 2786 963 2850; x_wconf 75' lang='lat' dir='ltr'>strucnorv</span> <span class='ocrx_word' id='word_1_177' title='bbox 990 2784 1027 2846; x_wconf 89' lang='lat' dir='ltr'>iu</span> <span class='ocrx_word' id='word_1_178' title='bbox 1053 2805 1167 2868; x_wconf 90' lang='lat' dir='ltr'>puram</span> <span class='ocrx_word' id='word_1_179' title='bbox 1183 2785 1406 2864; x_wconf 83' lang='lat' dir='ltr'>elemosinam,</span> <span class='ocrx_word' id='word_1_180' title='bbox 1421 2807 1484 2871; x_wconf 93' lang='lat' dir='ltr'>que</span> <span class='ocrx_word' id='word_1_181' title='bbox 1500 2805 1603 2870; x_wconf 88' lang='lat' dir='ltr'>nuper</span> <span class='ocrx_word' id='word_1_182' title='bbox 1618 2785 1750 2848; x_wconf 88' lang='lat' dir='ltr'>fuerunt</span> 
     </span>
     <span class='ocr_line' id='line_1_20' title="bbox 421 2873 865 2958; baseline 0 -21"><span class='ocrx_word' id='word_1_183' title='bbox 421 2922 431 2953; x_wconf 93' lang='lat'>,</span> <span class='ocrx_word' id='word_1_184' title='bbox 446 2895 504 2958; x_wconf 86' lang='lat' dir='ltr'>per</span> <span class='ocrx_word' id='word_1_185' title='bbox 518 2874 690 2937; x_wconf 85' lang='lat' dir='ltr'>servicium</span> <span class='ocrx_word' id='word_1_186' title='bbox 707 2894 764 2937; x_wconf 89' lang='lat' dir='ltr'>un.</span> <span class='ocrx_word' id='word_1_187' title='bbox 779 2873 803 2936; x_wconf 84' lang='lat' dir='ltr'>f.</span> <span class='ocrx_word' id='word_1_188' title='bbox 820 2893 865 2937; x_wconf 93' lang='lat' dir='ltr'>m.</span> 
     </span>
    </p>
   </div>
   <div class='ocr_carea' id='block_1_8' title="bbox 246 3009 1751 3272">
    <p class='ocr_par' dir='ltr' id='par_1_8' title="bbox 246 3009 1751 3272">
     <span class='ocr_line' id='line_1_21' title="bbox 291 3009 1751 3095; baseline -0.001 -19"><span class='ocrx_word' id='word_1_189' title='bbox 291 3013 451 3077; x_wconf 88' lang='lat' dir='ltr'>Robertus</span> <span class='ocrx_word' id='word_1_190' title='bbox 464 3012 657 3095; x_wconf 87' lang='lat' dir='ltr'>Frampton‚</span> <span class='ocrx_word' id='word_1_191' title='bbox 672 3012 823 3093; x_wconf 81' lang='lat' dir='ltr'>armiger,</span> <span class='ocrx_word' id='word_1_192' title='bbox 838 3015 931 3072; x_wconf 89' lang='lat' dir='ltr'>tenet</span> <span class='ocrx_word' id='word_1_193' title='bbox 946 3009 1138 3072; x_wconf 87' lang='lat' dir='ltr'>immediate</span> <span class='ocrx_word' id='word_1_194' title='bbox 1162 3010 1204 3073; x_wconf 87' lang='lat' dir='ltr'>de</span> <span class='ocrx_word' id='word_1_195' title='bbox 1229 3011 1380 3095; x_wconf 91' lang='lat' dir='ltr'>episcopo</span> <span class='ocrx_word' id='word_1_196' title='bbox 1405 3011 1636 3076; x_wconf 88' lang='lat' dir='ltr'>sarisburiensi</span> <span class='ocrx_word' id='word_1_197' title='bbox 1662 3017 1751 3074; x_wconf 86' lang='lat' dir='ltr'>certa</span> 
     </span>
     <span class='ocr_line' id='line_1_22' title="bbox 246 3097 1751 3183; baseline -0.003 -17"><span class='ocrx_word' id='word_1_198' title='bbox 246 3111 347 3166; x_wconf 86' lang='lat' dir='ltr'>terras</span> <span class='ocrx_word' id='word_1_199' title='bbox 367 3108 403 3164; x_wconf 89' lang='lat' dir='ltr'>et</span> <span class='ocrx_word' id='word_1_200' title='bbox 422 3105 612 3163; x_wconf 84' lang='lat' dir='ltr'>tenementa</span> <span class='ocrx_word' id='word_1_201' title='bbox 634 3101 669 3163; x_wconf 92' lang='lat' dir='ltr'>in</span> <span class='ocrx_word' id='word_1_202' title='bbox 693 3099 850 3164; x_wconf 81' lang='lat' dir='ltr'>Porsena</span> <span class='ocrx_word' id='word_1_203' title='bbox 872 3104 906 3160; x_wconf 89' lang='lat' dir='ltr'>et</span> <span class='ocrx_word' id='word_1_204' title='bbox 928 3097 1251 3183; x_wconf 64' lang='lat' dir='ltr'>Mamuriumque</span> <span class='ocrx_word' id='word_1_205' title='bbox 1274 3118 1377 3181; x_wconf 89' lang='lat' dir='ltr'>nuper</span> <span class='ocrx_word' id='word_1_206' title='bbox 1398 3098 1533 3163; x_wconf 90' lang='lat' dir='ltr'>fuerunt</span> <span class='ocrx_word' id='word_1_207' title='bbox 1555 3098 1697 3163; x_wconf 83' lang='lat' dir='ltr'>Galfridi</span> <span class='ocrx_word' id='word_1_208' title='bbox 1720 3100 1751 3162; x_wconf 90' lang='lat' dir='ltr'>le</span> 
     </span>
     <span class='ocr_line' id='line_1_23' title="bbox 247 3186 874 3272; baseline -0.006 -20"><span class='ocrx_word' id='word_1_209' title='bbox 247 3188 381 3268; x_wconf 90' lang='lat' dir='ltr'>Blount,</span> <span class='ocrx_word' id='word_1_210' title='bbox 396 3209 453 3272; x_wconf 88' lang='lat' dir='ltr'>per</span> <span class='ocrx_word' id='word_1_211' title='bbox 468 3188 642 3251; x_wconf 88' lang='lat' dir='ltr'>servicium</span> <span class='ocrx_word' id='word_1_212' title='bbox 658 3187 701 3251; x_wconf 93' lang='lat' dir='ltr'>di.</span> <span class='ocrx_word' id='word_1_213' title='bbox 718 3186 740 3250; x_wconf 85' lang='lat' dir='ltr'>f.</span> <span class='ocrx_word' id='word_1_214' title='bbox 757 3205 812 3250; x_wconf 90' lang='lat' dir='ltr'>un.</span> <span class='ocrx_word' id='word_1_215' title='bbox 829 3206 874 3250; x_wconf 92' lang='lat' dir='ltr'>m.</span> 
     </span>
    </p>
   </div>
   <div class='ocr_carea' id='block_1_9' title="bbox 166 3321 1750 3585">
    <p class='ocr_par' dir='ltr' id='par_1_9' title="bbox 166 3321 1750 3585">
     <span class='ocr_line' id='line_1_24' title="bbox 166 3321 1750 3410; baseline -0.003 -18"><span class='ocrx_word' id='word_1_216' title='bbox 166 3344 170 3351; x_wconf 85' lang='grc'><strong>’</strong></span> <span class='ocrx_word' id='word_1_217' title='bbox 288 3329 421 3403; x_wconf 73' lang='lat' dir='ltr'>cecilia,</span> <span class='ocrx_word' id='word_1_218' title='bbox 450 3346 513 3410; x_wconf 92' lang='lat' dir='ltr'>que</span> <span class='ocrx_word' id='word_1_219' title='bbox 550 3326 617 3388; x_wconf 82' lang='lat' dir='ltr'>fuit</span> <span class='ocrx_word' id='word_1_220' title='bbox 653 3346 733 3387; x_wconf 84' lang='lat' dir='ltr'>uror</span> <span class='ocrx_word' id='word_1_221' title='bbox 769 3323 929 3386; x_wconf 88' lang='lat' dir='ltr'>Johannis</span> <span class='ocrx_word' id='word_1_222' title='bbox 967 3321 1125 3399; x_wconf 89' lang='lat' dir='ltr'>Bernard‚</span> <span class='ocrx_word' id='word_1_223' title='bbox 1162 3328 1256 3387; x_wconf 86' lang='lat' dir='ltr'>tenet</span> <span class='ocrx_word' id='word_1_224' title='bbox 1292 3324 1486 3388; x_wconf 87' lang='lat' dir='ltr'>immediate</span> <span class='ocrx_word' id='word_1_225' title='bbox 1522 3325 1564 3388; x_wconf 87' lang='lat' dir='ltr'>de</span> <span class='ocrx_word' id='word_1_226' title='bbox 1601 3325 1750 3409; x_wconf 88' lang='lat' dir='ltr'>episcopo</span> 
     </span>
     <span class='ocr_line' id='line_1_25' title="bbox 247 3410 1750 3498; baseline -0.003 -18"><span class='ocrx_word' id='word_1_227' title='bbox 247 3414 476 3482; x_wconf 75' lang='lat' dir='ltr'>sarisburiensi</span> <span class='ocrx_word' id='word_1_228' title='bbox 493 3418 581 3476; x_wconf 80' lang='lat' dir='ltr'>certa</span> <span class='ocrx_word' id='word_1_229' title='bbox 595 3419 698 3476; x_wconf 86' lang='lat' dir='ltr'>terras</span> <span class='ocrx_word' id='word_1_230' title='bbox 712 3417 747 3476; x_wconf 93' lang='lat' dir='ltr'>et</span> <span class='ocrx_word' id='word_1_231' title='bbox 761 3416 948 3475; x_wconf 87' lang='lat' dir='ltr'>tenementa</span> <span class='ocrx_word' id='word_1_232' title='bbox 962 3412 998 3473; x_wconf 90' lang='lat' dir='ltr'>iu</span> <span class='ocrx_word' id='word_1_233' title='bbox 1013 3410 1224 3490; x_wconf 79' lang='lat' dir='ltr'>stvucnorv,</span> <span class='ocrx_word' id='word_1_234' title='bbox 1251 3431 1314 3498; x_wconf 85' lang='lat' dir='ltr'>que</span> <span class='ocrx_word' id='word_1_235' title='bbox 1338 3432 1441 3496; x_wconf 88' lang='lat' dir='ltr'>nuper</span> <span class='ocrx_word' id='word_1_236' title='bbox 1467 3411 1600 3476; x_wconf 90' lang='lat' dir='ltr'>fuerunt</span> <span class='ocrx_word' id='word_1_237' title='bbox 1624 3411 1750 3478; x_wconf 85' lang='lat' dir='ltr'>Thome</span> 
     </span>
     <span class='ocr_line' id='line_1_26' title="bbox 244 3497 949 3585; baseline -0.007 -17"><span class='ocrx_word' id='word_1_238' title='bbox 244 3505 286 3568; x_wconf 87' lang='lat' dir='ltr'>de</span> <span class='ocrx_word' id='word_1_239' title='bbox 299 3500 456 3580; x_wconf 87' lang='lat' dir='ltr'>Parbam,</span> <span class='ocrx_word' id='word_1_240' title='bbox 472 3521 529 3585; x_wconf 84' lang='lat' dir='ltr'>per</span> <span class='ocrx_word' id='word_1_241' title='bbox 543 3501 717 3564; x_wconf 89' lang='lat' dir='ltr'>servicium</span> <span class='ocrx_word' id='word_1_242' title='bbox 731 3499 777 3564; x_wconf 87' lang='lat' dir='ltr'>di.</span> <span class='ocrx_word' id='word_1_243' title='bbox 793 3497 887 3563; x_wconf 85' lang='lat' dir='ltr'>f.·un.</span> <span class='ocrx_word' id='word_1_244' title='bbox 903 3518 949 3563; x_wconf 92' lang='lat' dir='ltr'>m.</span> 
     </span>
    </p>
   </div>
   <div class='ocr_carea' id='block_1_10' title="bbox 246 3633 1750 3896">
    <p class='ocr_par' dir='ltr' id='par_1_10' title="bbox 246 3633 1750 3896">
     <span class='ocr_line' id='line_1_27' title="bbox 289 3633 1750 3722; baseline -0.004 -17"><span class='ocrx_word' id='word_1_245' title='bbox 289 3639 468 3705; x_wconf 84' lang='lat' dir='ltr'>Nichoiaus</span> <span class='ocrx_word' id='word_1_246' title='bbox 497 3635 669 3722; x_wconf 84' lang='lat' dir='ltr'>Oryklade,</span> <span class='ocrx_word' id='word_1_247' title='bbox 696 3641 731 3698; x_wconf 90' lang='lat' dir='ltr'>et</span> <span class='ocrx_word' id='word_1_248' title='bbox 765 3637 875 3719; x_wconf 76' lang='lat' dir='ltr'>Agnes</span> <span class='ocrx_word' id='word_1_249' title='bbox 909 3654 988 3696; x_wconf 85' lang='lat' dir='ltr'>uxor</span> <span class='ocrx_word' id='word_1_250' title='bbox 1024 3633 1108 3718; x_wconf 87' lang='lat' dir='ltr'>ejus,</span> <span class='ocrx_word' id='word_1_251' title='bbox 1147 3639 1263 3698; x_wconf 90' lang='lat' dir='ltr'>tenent</span> <span class='ocrx_word' id='word_1_252' title='bbox 1299 3635 1491 3699; x_wconf 86' lang='lat' dir='ltr'>immediate</span> <span class='ocrx_word' id='word_1_253' title='bbox 1526 3635 1566 3698; x_wconf 90' lang='lat' dir='ltr'>de</span> <span class='ocrx_word' id='word_1_254' title='bbox 1602 3638 1750 3720; x_wconf 90' lang='lat' dir='ltr'>episcopo</span> 
     </span>
     <span class='ocr_line' id='line_1_28' title="bbox 246 3720 1749 3806; baseline -0.004 -12"><span class='ocrx_word' id='word_1_255' title='bbox 246 3726 489 3804; x_wconf 79' lang='lat' dir='ltr'>Sarisburiensi‚</span> <span class='ocrx_word' id='word_1_256' title='bbox 505 3729 595 3788; x_wconf 87' lang='lat' dir='ltr'>certa</span> <span class='ocrx_word' id='word_1_257' title='bbox 608 3727 710 3788; x_wconf 87' lang='lat' dir='ltr'>terras</span> <span class='ocrx_word' id='word_1_258' title='bbox 723 3729 759 3786; x_wconf 89' lang='lat' dir='ltr'>et</span> <span class='ocrx_word' id='word_1_259' title='bbox 773 3726 963 3785; x_wconf 73' lang='lat' dir='ltr'>tenemento</span> <span class='ocrx_word' id='word_1_260' title='bbox 978 3722 1014 3783; x_wconf 92' lang='lat' dir='ltr'>in</span> <span class='ocrx_word' id='word_1_261' title='bbox 1030 3720 1239 3798; x_wconf 72' lang='lat' dir='ltr'>Livineius,</span> <span class='ocrx_word' id='word_1_262' title='bbox 1255 3742 1317 3806; x_wconf 90' lang='lat' dir='ltr'>que</span> <span class='ocrx_word' id='word_1_263' title='bbox 1340 3742 1445 3806; x_wconf 90' lang='lat' dir='ltr'>nuper</span> <span class='ocrx_word' id='word_1_264' title='bbox 1467 3721 1602 3787; x_wconf 88' lang='lat' dir='ltr'>fuerunt</span> <span class='ocrx_word' id='word_1_265' title='bbox 1626 3723 1749 3788; x_wconf 85' lang='lat' dir='ltr'>Thome</span> 
     </span>
     <span class='ocr_line' id='line_1_29' title="bbox 246 3810 941 3896; baseline -0.013 -14"><span class='ocrx_word' id='word_1_266' title='bbox 246 3819 286 3882; x_wconf 88' lang='lat' dir='ltr'>ds</span> <span class='ocrx_word' id='word_1_267' title='bbox 300 3817 452 3893; x_wconf 89' lang='lat' dir='ltr'>Parbam,</span> <span class='ocrx_word' id='word_1_268' title='bbox 466 3832 523 3896; x_wconf 89' lang='lat' dir='ltr'>per</span> <span class='ocrx_word' id='word_1_269' title='bbox 538 3811 708 3874; x_wconf 84' lang='lat' dir='ltr'>servicium</span> <span class='ocrx_word' id='word_1_270' title='bbox 724 3810 770 3876; x_wconf 89' lang='lat' dir='ltr'>di.</span> <span class='ocrx_word' id='word_1_271' title='bbox 786 3810 809 3873; x_wconf 86' lang='lat' dir='ltr'>f.</span> <span class='ocrx_word' id='word_1_272' title='bbox 825 3828 880 3872; x_wconf 92' lang='lat' dir='ltr'>un.</span> <span class='ocrx_word' id='word_1_273' title='bbox 896 3829 941 3873; x_wconf 91' lang='lat' dir='ltr'>m.</span> 
     </span>
    </p>
   </div>
   <div class='ocr_carea' id='block_1_11' title="bbox 245 3944 1748 4194">
    <p class='ocr_par' dir='ltr' id='par_1_11' title="bbox 245 3944 1748 4194">
     <span class='ocr_line' id='line_1_30' title="bbox 288 3944 1748 4019; baseline -0.005 0"><span class='ocrx_word' id='word_1_274' title='bbox 288 3953 456 4019; x_wconf 83' lang='lat' dir='ltr'>Johannes</span> <span class='ocrx_word' id='word_1_275' title='bbox 485 3949 622 4012; x_wconf 82' lang='lat' dir='ltr'>Edvard</span> <span class='ocrx_word' id='word_1_276' title='bbox 651 3953 745 4012; x_wconf 89' lang='lat' dir='ltr'>tenet</span> <span class='ocrx_word' id='word_1_277' title='bbox 782 3946 972 4010; x_wconf 87' lang='lat' dir='ltr'>immediate</span> <span class='ocrx_word' id='word_1_278' title='bbox 1008 3945 1049 4010; x_wconf 90' lang='lat' dir='ltr'>de</span> <span class='ocrx_word' id='word_1_279' title='bbox 1086 3944 1236 4010; x_wconf 89' lang='lat' dir='ltr'>Johauue</span> <span class='ocrx_word' id='word_1_280' title='bbox 1274 3947 1429 4010; x_wconf 91' lang='lat' dir='ltr'>stourton</span> <span class='ocrx_word' id='word_1_281' title='bbox 1466 3953 1553 4012; x_wconf 86' lang='lat' dir='ltr'>certa</span> <span class='ocrx_word' id='word_1_282' title='bbox 1581 3953 1684 4011; x_wconf 88' lang='lat' dir='ltr'>terras</span> <span class='ocrx_word' id='word_1_283' title='bbox 1712 3953 1748 4012; x_wconf 89' lang='lat' dir='ltr'>et</span> 
     </span>
     <span class='ocr_line' id='line_1_31' title="bbox 245 4031 1748 4194; baseline -0.005 -87"><span class='ocrx_word' id='word_1_284' title='bbox 245 4045 453 4194; x_wconf 46' lang='lat' dir='ltr'>tisinpmgtrtsn</span> <span class='ocrx_word' id='word_1_285' title='bbox 461 4039 496 4101; x_wconf 93' lang='lat' dir='ltr'>in</span> <span class='ocrx_word' id='word_1_286' title='bbox 523 4037 733 4113; x_wconf 76' lang='lat' dir='ltr'>Lrvvrvsvorv,</span> <span class='ocrx_word' id='word_1_287' title='bbox 759 4054 823 4118; x_wconf 94' lang='lat' dir='ltr'>que</span> <span class='ocrx_word' id='word_1_288' title='bbox 849 4054 951 4116; x_wconf 91' lang='lat' dir='ltr'>nuper</span> <span class='ocrx_word' id='word_1_289' title='bbox 976 4032 1110 4097; x_wconf 86' lang='lat' dir='ltr'>fuerunt</span> <span class='ocrx_word' id='word_1_290' title='bbox 1133 4031 1299 4118; x_wconf 86' lang='lat' dir='ltr'>deuiphi</span> <span class='ocrx_word' id='word_1_291' title='bbox 1323 4035 1354 4098; x_wconf 88' lang='lat' dir='ltr'>le</span> <span class='ocrx_word' id='word_1_292' title='bbox 1381 4033 1486 4114; x_wconf 88' lang='lat' dir='ltr'>Clerk,</span> <span class='ocrx_word' id='word_1_293' title='bbox 1504 4055 1562 4119; x_wconf 87' lang='lat' dir='ltr'>per</span> <span class='ocrx_word' id='word_1_294' title='bbox 1576 4037 1748 4100; x_wconf 88' lang='lat' dir='ltr'>servicium</span> 
     </span>
    </p>
   </div>
   <div class='ocr_carea' id='block_1_12' title="bbox 246 4251 1749 4602">
    <p class='ocr_par' dir='ltr' id='par_1_12' title="bbox 246 4251 1749 4602">
     <span class='ocr_line' id='line_1_32' title="bbox 290 4251 1749 4344; baseline -0.005 -16"><span class='ocrx_word' id='word_1_295' title='bbox 290 4267 414 4329; x_wconf 89' lang='lat' dir='ltr'>Dicunt</span> <span class='ocrx_word' id='word_1_296' title='bbox 430 4263 533 4325; x_wconf 87' lang='lat' dir='ltr'>eciam</span> <span class='ocrx_word' id='word_1_297' title='bbox 547 4260 688 4344; x_wconf 82' lang='lat' dir='ltr'>predicti</span> <span class='ocrx_word' id='word_1_298' title='bbox 701 4260 873 4343; x_wconf 84' lang='lat' dir='ltr'>juratores,</span> <span class='ocrx_word' id='word_1_299' title='bbox 887 4257 974 4341; x_wconf 92' lang='lat' dir='ltr'>quod</span> <span class='ocrx_word' id='word_1_300' title='bbox 989 4255 1078 4320; x_wconf 83' lang='lat' dir='ltr'>nuile</span> <span class='ocrx_word' id='word_1_301' title='bbox 1092 4263 1170 4320; x_wconf 87' lang='lat' dir='ltr'>sunt</span> <span class='ocrx_word' id='word_1_302' title='bbox 1184 4257 1247 4320; x_wconf 84' lang='lat' dir='ltr'>alie</span> <span class='ocrx_word' id='word_1_303' title='bbox 1267 4275 1402 4340; x_wconf 90' lang='lat' dir='ltr'>persone</span> <span class='ocrx_word' id='word_1_304' title='bbox 1419 4257 1485 4320; x_wconf 88' lang='lat' dir='ltr'>sive</span> <span class='ocrx_word' id='word_1_305' title='bbox 1500 4251 1650 4322; x_wconf 88' lang='lat' dir='ltr'>tenentes</span> <span class='ocrx_word' id='word_1_306' title='bbox 1663 4259 1749 4321; x_wconf 85' lang='lat' dir='ltr'>inira</span> 
     </span>
     <span class='ocr_line' id='line_1_33' title="bbox 247 4341 1749 4431; baseline -0.007 -13"><span class='ocrx_word' id='word_1_307' title='bbox 247 4352 453 4418; x_wconf 89' lang='lat' dir='ltr'>hundredum</span> <span class='ocrx_word' id='word_1_308' title='bbox 469 4349 655 4431; x_wconf 87' lang='lat' dir='ltr'>predictum</span> <span class='ocrx_word' id='word_1_309' title='bbox 670 4346 784 4408; x_wconf 87' lang='lat' dir='ltr'>seisite</span> <span class='ocrx_word' id='word_1_310' title='bbox 799 4345 834 4407; x_wconf 91' lang='lat' dir='ltr'>in</span> <span class='ocrx_word' id='word_1_311' title='bbox 849 4344 1012 4408; x_wconf 91' lang='lat' dir='ltr'>dominico</span> <span class='ocrx_word' id='word_1_312' title='bbox 1028 4364 1086 4408; x_wconf 89' lang='lat' dir='ltr'>suo</span> <span class='ocrx_word' id='word_1_313' title='bbox 1100 4343 1302 4422; x_wconf 87' lang='lat' dir='ltr'>immediate,</span> <span class='ocrx_word' id='word_1_314' title='bbox 1319 4349 1357 4406; x_wconf 90' lang='lat' dir='ltr'>ut</span> <span class='ocrx_word' id='word_1_315' title='bbox 1373 4341 1528 4407; x_wconf 90' lang='lat' dir='ltr'>delibero</span> <span class='ocrx_word' id='word_1_316' title='bbox 1552 4351 1749 4423; x_wconf 87' lang='lat' dir='ltr'>tenemento,</span> 
     </span>
     <span class='ocr_line' id='line_1_34' title="bbox 246 4430 1747 4519; baseline -0.007 -14"><span class='ocrx_word' id='word_1_317' title='bbox 246 4441 332 4505; x_wconf 89' lang='lat' dir='ltr'>uude</span> <span class='ocrx_word' id='word_1_318' title='bbox 346 4440 447 4502; x_wconf 90' lang='lat' dir='ltr'>iidem</span> <span class='ocrx_word' id='word_1_319' title='bbox 461 4455 607 4519; x_wconf 90' lang='lat' dir='ltr'>persone,</span> <span class='ocrx_word' id='word_1_320' title='bbox 622 4435 689 4496; x_wconf 90' lang='lat' dir='ltr'>sive</span> <span class='ocrx_word' id='word_1_321' title='bbox 704 4438 865 4508; x_wconf 82' lang='lat' dir='ltr'>tenentes,</span> <span class='ocrx_word' id='word_1_322' title='bbox 879 4430 1110 4515; x_wconf 86' lang='lat' dir='ltr'>possessionati</span> <span class='ocrx_word' id='word_1_323' title='bbox 1125 4431 1285 4506; x_wconf 87' lang='lat' dir='ltr'>existunt,</span> <span class='ocrx_word' id='word_1_324' title='bbox 1299 4432 1356 4516; x_wconf 91' lang='lat' dir='ltr'>qui</span> <span class='ocrx_word' id='word_1_325' title='bbox 1372 4436 1487 4494; x_wconf 89' lang='lat' dir='ltr'>tenent</span> <span class='ocrx_word' id='word_1_326' title='bbox 1509 4452 1567 4514; x_wconf 88' lang='lat' dir='ltr'>per</span> <span class='ocrx_word' id='word_1_327' title='bbox 1582 4433 1747 4515; x_wconf 81' lang='lat' dir='ltr'>integrum</span> 
     </span>
     <span class='ocr_line' id='line_1_35' title="bbox 247 4517 1465 4602; baseline -0.01 -8"><span class='ocrx_word' id='word_1_328' title='bbox 247 4529 379 4593; x_wconf 81' lang='lat' dir='ltr'>feodum</span> <span class='ocrx_word' id='word_1_329' title='bbox 394 4523 523 4601; x_wconf 87' lang='lat' dir='ltr'>militis,</span> <span class='ocrx_word' id='word_1_330' title='bbox 538 4522 762 4598; x_wconf 87' lang='lat' dir='ltr'>medietatem,</span> <span class='ocrx_word' id='word_1_331' title='bbox 778 4520 921 4597; x_wconf 87' lang='lat' dir='ltr'>terciam,</span> <span class='ocrx_word' id='word_1_332' title='bbox 937 4518 988 4583; x_wconf 90' lang='lat' dir='ltr'>vel</span> <span class='ocrx_word' id='word_1_333' title='bbox 1003 4523 1153 4602; x_wconf 86' lang='lat' dir='ltr'>quartam</span> <span class='ocrx_word' id='word_1_334' title='bbox 1168 4525 1296 4602; x_wconf 87' lang='lat' dir='ltr'>partem</span> <span class='ocrx_word' id='word_1_335' title='bbox 1310 4538 1366 4582; x_wconf 90' lang='lat' dir='ltr'>un.</span> <span class='ocrx_word' id='word_1_336' title='bbox 1382 4517 1405 4581; x_wconf 86' lang='lat' dir='ltr'>f.</span> <span class='ocrx_word' id='word_1_337' title='bbox 1421 4539 1465 4582; x_wconf 91' lang='lat' dir='ltr'>m.</span> 
     </span>
    </p>
   </div>
   <div class='ocr_carea' id='block_1_13' title="bbox 291 4658 821 4749">
    <p class='ocr_par' dir='ltr' id='par_1_13' title="bbox 291 4658 821 4749">
     <span class='ocr_line' id='line_1_36' title="bbox 291 4658 821 4749; baseline -0.011 -21"><span class='ocrx_word' id='word_1_338' title='bbox 291 4667 332 4728; x_wconf 91' lang='lat' dir='ltr'>In</span> <span class='ocrx_word' id='word_1_339' title='bbox 347 4663 442 4749; x_wconf 84' lang='lat' dir='ltr'>cujus</span> <span class='ocrx_word' id='word_1_340' title='bbox 454 4661 501 4725; x_wconf 84' lang='lat' dir='ltr'>rei</span> <span class='ocrx_word' id='word_1_341' title='bbox 515 4658 743 4723; x_wconf 87' lang='lat' dir='ltr'>testimonium</span> <span class='ocrx_word' id='word_1_342' title='bbox 758 4662 821 4722; x_wconf 89' lang='lat' dir='ltr'>etc.</span> 
     </span>
    </p>
   </div>
   <div class='ocr_carea' id='block_1_14' title="bbox 735 4892 1268 4960">
    <p class='ocr_par' dir='ltr' id='par_1_14' title="bbox 735 4892 1268 4960">
     <span class='ocr_line' id='line_1_37' title="bbox 735 4892 1268 4960; baseline -0.004 0"><span class='ocrx_word' id='word_1_343' title='bbox 735 4894 956 4960; x_wconf 81' lang='lat' dir='ltr'>Huuuaannu</span> <span class='ocrx_word' id='word_1_344' title='bbox 978 4915 1023 4958; x_wconf 85' lang='lat' dir='ltr'>na</span> <span class='ocrx_word' id='word_1_345' title='bbox 1046 4892 1268 4960; x_wconf 80' lang='lat' dir='ltr'><strong>DOUNTON.</strong></span> 
     </span>
    </p>
   </div>
   <div class='ocr_carea' id='block_1_15' title="bbox 249 5029 1748 5474">
    <p class='ocr_par' dir='ltr' id='par_1_15' title="bbox 249 5029 1748 5474">
     <span class='ocr_line' id='line_1_38' title="bbox 293 5029 1746 5124; baseline -0.003 -24"><span class='ocrx_word' id='word_1_346' title='bbox 293 5037 470 5124; x_wconf 86' lang='lat' dir='ltr'>Inquisicio</span> <span class='ocrx_word' id='word_1_347' title='bbox 493 5038 589 5117; x_wconf 83' lang='lat' dir='ltr'>capta</span> <span class='ocrx_word' id='word_1_348' title='bbox 613 5032 701 5116; x_wconf 83' lang='lat' dir='ltr'>apud</span> <span class='ocrx_word' id='word_1_349' title='bbox 725 5031 851 5093; x_wconf 79' lang='lat' dir='ltr'>Novam</span> <span class='ocrx_word' id='word_1_350' title='bbox 876 5029 1091 5092; x_wconf 79' lang='lat' dir='ltr'>sarisburiam</span> <span class='ocrx_word' id='word_1_351' title='bbox 1118 5030 1172 5092; x_wconf 90' lang='lat' dir='ltr'>die</span> <span class='ocrx_word' id='word_1_352' title='bbox 1203 5029 1319 5092; x_wconf 88' lang='lat' dir='ltr'>Martis</span> <span class='ocrx_word' id='word_1_353' title='bbox 1349 5031 1494 5113; x_wconf 84' lang='lat' dir='ltr'>proximo</span> <span class='ocrx_word' id='word_1_354' title='bbox 1524 5037 1596 5112; x_wconf 91' lang='lat' dir='ltr'>post</span> <span class='ocrx_word' id='word_1_355' title='bbox 1626 5033 1746 5096; x_wconf 81' lang='lat' dir='ltr'>festum</span> 
     </span>
     <span class='ocr_line' id='line_1_39' title="bbox 251 5116 1748 5203; baseline -0.007 -11"><span class='ocrx_word' id='word_1_356' title='bbox 251 5129 360 5193; x_wconf 83' lang='lat' dir='ltr'>sancti</span> <span class='ocrx_word' id='word_1_357' title='bbox 376 5123 536 5200; x_wconf 79' lang='lat' dir='ltr'>Bernaba,</span> <span class='ocrx_word' id='word_1_358' title='bbox 553 5119 714 5203; x_wconf 81' lang='lat' dir='ltr'>Apostoli,</span> <span class='ocrx_word' id='word_1_359' title='bbox 728 5137 813 5181; x_wconf 86' lang='lat' dir='ltr'>anno</span> <span class='ocrx_word' id='word_1_360' title='bbox 838 5117 929 5202; x_wconf 83' lang='lat' dir='ltr'>regni</span> <span class='ocrx_word' id='word_1_361' title='bbox 956 5117 1043 5202; x_wconf 84' lang='lat' dir='ltr'>regis</span> <span class='ocrx_word' id='word_1_362' title='bbox 1066 5116 1200 5180; x_wconf 86' lang='lat' dir='ltr'>Henrici</span> <span class='ocrx_word' id='word_1_363' title='bbox 1223 5118 1308 5180; x_wconf 87' lang='lat' dir='ltr'>sexti</span> <span class='ocrx_word' id='word_1_364' title='bbox 1332 5123 1406 5200; x_wconf 91' lang='lat' dir='ltr'>post</span> <span class='ocrx_word' id='word_1_365' title='bbox 1420 5123 1631 5201; x_wconf 88' lang='lat' dir='ltr'>conquestum</span> <span class='ocrx_word' id='word_1_366' title='bbox 1647 5125 1748 5200; x_wconf 86' lang='lat' dir='ltr'>sexto,</span> 
     </span>
     <span class='ocr_line' id='line_1_40' title="bbox 249 5201 1747 5291; baseline -0.005 -13"><span class='ocrx_word' id='word_1_367' title='bbox 249 5235 357 5278; x_wconf 92' lang='lat' dir='ltr'>coram</span> <span class='ocrx_word' id='word_1_368' title='bbox 372 5210 522 5276; x_wconf 86' lang='lat' dir='ltr'>Johauue</span> <span class='ocrx_word' id='word_1_369' title='bbox 538 5208 642 5290; x_wconf 83' lang='lat' dir='ltr'>Payn,</span> <span class='ocrx_word' id='word_1_370' title='bbox 658 5205 801 5268; x_wconf 89' lang='lat' dir='ltr'>Roberto</span> <span class='ocrx_word' id='word_1_371' title='bbox 816 5205 924 5288; x_wconf 87' lang='lat' dir='ltr'>Erley,</span> <span class='ocrx_word' id='word_1_372' title='bbox 940 5203 962 5267; x_wconf 92' lang='lat' dir='ltr'><strong>J</strong></span> <span class='ocrx_word' id='word_1_373' title='bbox 963 5201 1092 5267; x_wconf 87' lang='lat' dir='ltr'>ohanne</span> <span class='ocrx_word' id='word_1_374' title='bbox 1106 5202 1250 5286; x_wconf 83' lang='lat' dir='ltr'>sturmy,</span> <span class='ocrx_word' id='word_1_375' title='bbox 1265 5203 1305 5267; x_wconf 90' lang='lat' dir='ltr'>de</span> <span class='ocrx_word' id='word_1_376' title='bbox 1321 5203 1469 5282; x_wconf 79' lang='lat' dir='ltr'>Axeford,</span> <span class='ocrx_word' id='word_1_377' title='bbox 1483 5201 1633 5269; x_wconf 89' lang='lat' dir='ltr'>Johauue</span> <span class='ocrx_word' id='word_1_378' title='bbox 1649 5207 1747 5291; x_wconf 87' lang='lat' dir='ltr'>Bryd,</span> 
     </span>
     <span class='ocr_line' id='line_1_41' title="bbox 249 5289 1748 5380; baseline -0.005 -14"><span class='ocrx_word' id='word_1_379' title='bbox 249 5303 290 5366; x_wconf 89' lang='lat' dir='ltr'>de</span> <span class='ocrx_word' id='word_1_380' title='bbox 315 5294 535 5380; x_wconf 76' lang='lat' dir='ltr'>Marleburgh‚</span> <span class='ocrx_word' id='word_1_381' title='bbox 563 5294 706 5358; x_wconf 89' lang='lat' dir='ltr'>Henrico</span> <span class='ocrx_word' id='word_1_382' title='bbox 730 5291 900 5374; x_wconf 88' lang='lat' dir='ltr'>Bradeley,</span> <span class='ocrx_word' id='word_1_383' title='bbox 926 5291 1073 5355; x_wconf 86' lang='lat' dir='ltr'>Johauue</span> <span class='ocrx_word' id='word_1_384' title='bbox 1098 5290 1242 5374; x_wconf 88' lang='lat' dir='ltr'>Stnrmy,</span> <span class='ocrx_word' id='word_1_385' title='bbox 1267 5291 1308 5354; x_wconf 90' lang='lat' dir='ltr'>de</span> <span class='ocrx_word' id='word_1_386' title='bbox 1330 5289 1584 5370; x_wconf 82' lang='lat' dir='ltr'>Wachenesfeld,</span> <span class='ocrx_word' id='word_1_387' title='bbox 1598 5292 1748 5358; x_wconf 86' lang='lat' dir='ltr'>Johauue</span> 
     </span>
     <span class='ocr_line' id='line_1_42' title="bbox 249 5377 1747 5474; baseline -0.005 -21"><span class='ocrx_word' id='word_1_388' title='bbox 249 5385 532 5474; x_wconf 83' lang='lat' dir='ltr'>Buye,Willelmc</span> <span class='ocrx_word' id='word_1_389' title='bbox 560 5380 644 5445; x_wconf 76' lang='lat' dir='ltr'>iord</span> <span class='ocrx_word' id='word_1_390' title='bbox 668 5380 709 5443; x_wconf 92' lang='lat' dir='ltr'>de</span> <span class='ocrx_word' id='word_1_391' title='bbox 735 5379 827 5443; x_wconf 89' lang='lat' dir='ltr'>Nova</span> <span class='ocrx_word' id='word_1_392' title='bbox 851 5378 1045 5456; x_wconf 86' lang='lat' dir='ltr'>sarisburiu‚</span> <span class='ocrx_word' id='word_1_393' title='bbox 1059 5383 1094 5441; x_wconf 87' lang='lat' dir='ltr'>et</span> <span class='ocrx_word' id='word_1_394' title='bbox 1119 5377 1270 5441; x_wconf 87' lang='lat' dir='ltr'>Johauue</span> <span class='ocrx_word' id='word_1_395' title='bbox 1296 5378 1494 5456; x_wconf 84' lang='lat' dir='ltr'>Mountiort,</span> <span class='ocrx_word' id='word_1_396' title='bbox 1509 5379 1548 5444; x_wconf 92' lang='lat' dir='ltr'>de</span> <span class='ocrx_word' id='word_1_397' title='bbox 1565 5381 1632 5464; x_wconf 80' lang='lat' dir='ltr'>Lye</span> <span class='ocrx_word' id='word_1_398' title='bbox 1652 5381 1747 5466; x_wconf 88' lang='lat' dir='ltr'>juxta</span> 
     </span>
    </p>
   </div>
   <div class='ocr_carea' id='block_1_16' title="bbox 0 0 2050 6116">
    <p class='ocr_par' dir='ltr' id='par_1_16' title="bbox 0 0 2050 6116">
     <span class='ocr_line' id='line_1_43' title="bbox 0 0 2050 6116; baseline 0 0"><span class='ocrx_word' id='word_1_399' title='bbox 0 0 2050 6116; x_wconf 95' lang='lat' dir='ltr'> </span> 
     </span>
    </p>
   </div>
  </div>
 </body>
</html>
