4092 6117
830 613 833 617 >
906 575 988 644 ul).
1014 581 1108 645 1346.
1691 577 1754 640 309

294 863 338 924 lit
352 864 393 926 de
408 885 495 930 xxa.
509 866 550 929 de
564 864 714 930 Johunne
738 869 874 946 Geram,
897 849 1040 932 Grietine
1064 869 1095 930 le
1122 868 1219 950 Boye,
1245 865 1420 930 Nicholeue
1450 865 1594 951 Somery‚
1608 863 1756 928 Gelfrido

250 950 415 1027 coleman,
438 957 474 1014 et
503 951 657 1036 Philippo
681 954 712 1018 le
738 955 875 1018 Fremen
900 976 956 1039 pro
982 956 1028 1019 di.
1054 955 1078 1018 f.
1105 976 1149 1020 m.
1179 956 1214 1018 in
1242 954 1438 1031 unocrrou,
1463 954 1549 1037 quod
1574 951 1756 1016 Willelmus

227 1116 234 1130 υ
251 1035 431 1101 Mereechal
445 1040 610 1124 quondam
624 1043 745 1120 tenuit,
761 1043 847 1105 eicut
861 1045 1050 1106 continetur
1065 1047 1129 1106 etc.

294 1185 337 1246 Et
363 1186 402 1248 de
427 1208 513 1252 xxa.
538 1208 596 1271 pro
621 1189 668 1255 di.
695 1188 718 1255 f.
743 1211 788 1255 m.
814 1191 847 1252 in
872 1191 1090 1257 Onunnmnon
1113 1190 1154 1252 de
1171 1188 1390 1252 Willelmode
1407 1185 1654 1266 Hundeehecre,
1670 1186 1755 1268 qnod

252 1273 376 1336 Amicia
390 1274 430 1337 de
446 1272 619 1339 Oherletnn
636 1276 799 1361 quondum
815 1280 934 1354 tenuit,
950 1279 1036 1340 sicut
1051 1277 1241 1340 continetur
1257 1282 1320 1342 etc.

294 1426 337 1487 Et
367 1426 408 1490 de
433 1427 542 1514 viiie.
567 1430 609 1493 de
634 1429 801 1494 Willelmo
828 1428 965 1516 Knyght
994 1430 1035 1493 de
1062 1429 1239 1512 Bredeleye
1270 1448 1326 1511 pro
1350 1431 1395 1488 vl·
1428 1433 1520 1512 perte
1550 1428 1573 1511 j.
1598 1426 1621 1490 f.
1648 1448 1693 1516 rn.
1720 1427 1754 1488 in

251 1513 463 1593 Bnunnnnrn,
479 1537 577 1598 quarn
596 1516 778 1581 Willelrnne
792 1518 833 1581 de
850 1517 1029 1600 Bradeleye
1045 1515 1209 1602 quondam
1225 1516 1348 1592 tenuit,
1364 1516 1451 1580 siout
1466 1516 1653 1579 continetur
1666 1521 1728 1577 etc.

294 1664 340 1730 Et
354 1667 393 1731 de
408 1669 473 1750 xvj.
483 1693 510 1733 c.
526 1669 567 1732 de
582 1668 731 1733 iohanne
746 1671 788 1734 de
803 1671 906 1753 Peyto
931 1691 989 1754 pro
1015 1672 1117 1732 tercie
1141 1674 1244 1752 perte,
1260 1675 1339 1734 xxm·
1355 1674 1459 1751 perte,
1473 1673 1506 1732 et
1522 1674 1595 1731 octo
1611 1666 1756 1751 pertibus

249 1754 274 1839 j.
290 1754 314 1816 l.
330 1777 376 1819 m.
391 1756 426 1818 in
450 1757 574 1821 Hunnu
598 1758 693 1842 juxte
716 1757 929 1834 Fnunnnunu,
956 1757 1043 1841 quod
1068 1756 1252 1819 willelmus
1276 1756 1318 1820 de
1346 1756 1575 1840 Byelropeedon
1591 1754 1754 1839 qnondam

251 1843 372 1918 tenuit,
387 1843 470 1906 sicut
487 1845 675 1908 continetur
688 1851 751 1910 etc.

294 1979 338 2042 Et
352 1980 394 2044 de
409 1980 516 2066 viiic.
531 1980 572 2044 de
598 1980 746 2046 Jolrunne
773 1982 913 2064 Hybeud
940 2003 998 2064 pro
1026 1981 1070 2043 vl·
1091 1988 1181 2065 parte
1204 1983 1230 2066 j.
1247 1982 1269 2045 f.
1297 1984 1331 2044 in
1359 1981 1631 2048 unnorcnnnror
1657 1998 1757 2062 quem

252 2067 413 2130 Heuricue
441 2067 529 2130 filiue
558 2066 730 2147 Johennie,
760 2070 865 2134 Adem
894 2069 983 2132 filine
1014 2069 1161 2144 liuberti,
1192 2069 1375 2132 Willelmue
1412 2069 1501 2132 illiue
1532 2067 1693 2142 Gooelini,
1722 2073 1756 2128 et

252 2154 411 2218 Oemundi
428 2157 496 2232 (tic)
515 2155 601 2220 filius
617 2157 760 2239 Gervuey
775 2158 939 2240 quondam
955 2164 1143 2236 tenuerunt,
1160 2158 1244 2220 sicut
1259 2156 1446 2220 continetur
1462 2163 1525 2220 etc.

299 2307 339 2368 Et
354 2307 394 2369 de
409 2307 488 2370 xlc.
505 2306 546 2369 de
561 2306 710 2371 Johanne
725 2308 765 2371 de
781 2307 928 2386 Crombe,
944 2307 1069 2391 Rogero
1084 2306 1125 2370 de
1142 2305 1323 2390 Ledebury,
1337 2327 1395 2390 pro
1409 2307 1433 2392 j.
1451 2305 1472 2368 f.
1490 2328 1534 2372 ru.
1551 2306 1585 2366 in
1607 2307 1756 2379 umnec,

251 2393 512 2545 ἔξῃιίξζέιῖιῗτὲἲιέ,
527 2400 560 2456 et
588 2395 871 2473 Enuunnnecorn‚
888 2396 974 2478 quod
1002 2395 1106 2458 edam
1130 2394 1171 2456 de
1192 2391 1328 2457 Crombe
1355 2393 1518 2478 quondam
1534 2394 1656 2471 tenuit,
1672 2392 1758 2456 sicut

295 2620 339 2684 Et
353 2620 394 2683 de
410 2642 460 2685 xx.
470 2644 498 2685 e.
514 2620 555 2684 de
569 2619 694 2684 Thomu
708 2622 740 2684 le
757 2621 893 2686 Botiller
907 2641 966 2704 pro
980 2622 1026 2685 di.
1042 2622 1065 2686 f.
1083 2622 1116 2684 in
1134 2621 1247 2686 Uerou
1264 2639 1357 2704 super
1376 2620 1557 2696 Sunnmeu,
1583 2617 1669 2702 quod
1693 2617 1759 2680 tuit

253 2706 385 2771 Boberti
400 2709 441 2771 de
457 2707 551 2771 Bello
567 2706 700 2792 campo.

295 2843 341 2908 Et
354 2845 395 2908 de
410 2845 548 2932 xxiiii&
564 2847 604 2910 de
617 2847 767 2910 Johenne
781 2846 822 2909 de
837 2845 918 2908 Hull
933 2867 990 2930 pro
1005 2847 1050 2910 di.
1067 2847 1090 2912 l.
1106 2849 1140 2909 et
1155 2853 1214 2911 xm
1229 2851 1319 2928 perte
1342 2845 1370 2930 j.
1389 2844 1411 2909 f.
1427 2865 1473 2910 m.
1497 2845 1531 2907 in
1548 2840 1635 2928 Bur]
1643 2863 1756 2918 eonon,

252 2952 315 3017 que
329 2933 387 2995 Ivo
401 2933 442 2996 de
458 2932 551 2996 Bello
565 2933 690 3019 Cempo
704 2933 867 3017 quondam
883 2934 1005 3013 tenuit,
1021 2935 1107 2998 sicut
1122 2935 1309 2998 continetur
1323 2939 1387 2997 etc.

299 3087 341 3149 Et
356 3085 395 3149 de
410 3086 474 3169 xvj.
484 3110 510 3152 e.
526 3088 566 3150 de
592 3086 753 3164 lebetone,
769 3087 874 3170 priore
899 3087 1085 3172 Wygornie,
1111 3108 1166 3166 pro
1181 3089 1286 3150 tercia
1306 3093 1410 3169 perte,
1428 3094 1505 3150 xxm·
1520 3089 1624 3166 parte,
1638 3091 1672 3146 et
1687 3087 1761 3146 octo

254 3173 398 3258 pertibus
424 3172 450 3256 j.
481 3174 505 3238 f.
538 3196 582 3238 m.
611 3175 646 3235 in
678 3174 861 3252 Corneron,
892 3194 955 3256 que
994 3175 1116 3257 priores
1154 3173 1216 3236 loci
1247 3173 1412 3258 quondum
1449 3179 1639 3248 tenuerunt,
1676 3171 1761 3233 sicut

253 3262 439 3325 continetur
454 3269 518 3325 etc.

297 3399 342 3462 Et
357 3398 398 3462 de
414 3398 478 3484 xvj.
489 3422 515 3463 e.
531 3399 572 3462 de
587 3397 736 3462 Johenne
750 3400 789 3462 de
805 3399 935 3463 Morton
950 3420 1010 3483 pro
1026 3400 1128 3463 tercie
1143 3403 1245 3482 parte,
1261 3409 1341 3466 xxm·
1360 3401 1462 3481 perte,
1478 3403 1515 3460 et
1531 3395 1599 3480 viij.
1616 3394 1761 3476 partibus

253 3486 529 3637 rorg‘tffituireejicf.
545 3508 591 3551 m.
608 3487 642 3548 in
667 3487 821 3564 Moenon,
847 3507 909 3570 que
935 3486 1093 3549 liobertus
1118 3487 1158 3549 de
1183 3486 1313 3550 Morton
1339 3484 1502 3569 quondam
1529 3484 1651 3558 tenuit,
1678 3483 1759 3544 sicut

298 3712 342 3774 Et
355 3713 397 3776 de
412 3711 447 3796 ij.
457 3735 484 3774 c.
500 3711 540 3773 de
555 3711 668 3773 eodem
683 3709 833 3774 Johanne
848 3731 905 3793 pro
919 3721 996 3776 rurma
1011 3715 1102 3793 perte
1125 3710 1153 3792 j.
1169 3711 1192 3773 f.
1210 3732 1255 3774 1n.
1272 3709 1439 3772 incudem
1455 3707 1532 3771 villa
1548 3707 1588 3769 de
1605 3706 1758 3785 Monuou,

253 3821 318 3884 que
332 3798 496 3862 Robertue
509 3797 550 3862 de
566 3797 696 3862 Morton
711 3797 874 3882 quendem
889 3799 1011 3874 tenuit,
1027 3799 1113 3861 eicnt
1127 3798 1313 3860 continetur
1327 3801 1391 3860 etc.

297 3947 342 4010 Et
355 3948 396 4010 de
412 3945 470 4031 xij.
480 3969 507 4010 c.
523 3944 563 4007 de
578 3941 727 4006 Johunne
743 3943 812 4005 filio
827 3940 986 4006 Johennie
1001 3943 1042 4005 de
1058 3943 1140 4006 Hull
1161 3963 1218 4025 pro
1234 3944 1277 4005 vi·
1299 3952 1393 4025 perte
1407 3947 1442 4006 et
1457 3950 1513 4006 xm·
1529 3947 1620 4023 parte
1630 3941 1657 4024 j.
1675 3942 1696 4003 i.
1713 3963 1759 4006 m.

253 4036 287 4098 in
314 4035 533 4111 Knenewnnn,
559 4050 623 4113 que
649 4029 834 4093 Willelmue
859 4030 900 4093 de
928 4029 1106 4094 Kereewell
1132 4030 1292 4113 quondam
1318 4030 1439 4108 tenuit,
1466 4029 1550 4092 sicut
1577 4029 1762 4092 continetur

254 4128 316 4188 etc.

298 4259 343 4322 nt
371 4258 413 4320 de
443 4256 550 4341 viiic.
581 4256 623 4319 de
654 4254 796 4319 Henrico
824 4253 945 4338 Wyvill
975 4275 1033 4338 pro
1060 4255 1104 4318 vl·
1137 4261 1230 4339 parte
1257 4256 1282 4338 j.
1310 4255 1333 4318 f.
1362 4275 1408 4319 m.
1435 4255 1469 4315 in
1502 4253 1638 4317 Nomou
1666 4252 1763 4337 juxta

255 4348 449 4422 Knunenun
466 4364 565 4427 quem
581 4341 713 4406 Beetrix
729 4342 771 4406 de
785 4341 913 4406 Piriton
929 4343 1095 4425 quondam
1111 4342 1234 4418 tenuit,
1250 4343 1335 4405 sicut
1350 4341 1540 4405 continetur
1556 4347 1619 4403 etc.

298 4493 342 4555 Et
355 4490 397 4555 de
414 4490 520 4576 viiic.
536 4490 578 4554 de
596 4490 759 4555 Willelmo
785 4491 824 4553 de
851 4489 990 4554 Merieco
1016 4514 1075 4576 pro
1100 4499 1143 4556 vn
1165 4498 1259 4575 perte
1280 4491 1308 4576 j.
1324 4492 1348 4556 f.
1364 4513 1410 4557 m.
1427 4491 1461 4554 in
1490 4491 1636 4569 Nounou,
1664 4511 1761 4577 quern

253 4579 351 4665 Joeep
365 4578 407 4641 de
422 4577 563 4641 Matisco
577 4578 741 4661 quondum
756 4579 877 4658 tenuit,
893 4578 978 4642 eicut
993 4581 1184 4644 continetur
1199 4587 1261 4644 etc.
1835 4573 1840 4587 '

298 4717 343 4781 Et
358 4718 400 4780 de
414 4716 495 4781 xla.
511 4717 551 4778 de
567 4715 731 4780 Willelmo
746 4716 787 4779 de
803 4716 971 4780 Evenlode
995 4739 1053 4802 pro
1079 4719 1103 4804 j.
1121 4719 1144 4783 f.
1161 4741 1205 4784 m.
1221 4721 1255 4780 in
1283 4718 1479 4791 uvicione,
1497 4718 1583 4799 quod
1600 4715 1763 4782 Johnnnee

252 4807 362 4869 Power
375 4804 540 4888 quondum
556 4804 678 4880 tenuit,
693 4805 780 4866 eicut
794 4805 988 4868 continetur
1003 4811 1068 4870 etc.

298 4952 342 5015 Et
356 4952 396 5015 de
410 4971 498 5016 xxa.
514 4949 555 5012 de
581 4947 730 5012 Johenne
756 4949 795 5012 de
821 4948 969 5028 (inostro,
995 4950 1146 5016 iohanne
1171 4952 1309 5030 Wattee,
1332 4956 1366 5014 et
1393 4947 1543 5013 iohanne
1570 4948 1681 5033 Begge
1704 4971 1762 5032 pro

255 5039 341 5191 {litut}
354 5035 696 5190 ssnffnffrffgtgum
718 5037 933 5115 Bnoxnnuun
957 5039 1045 5121 quod
1071 5036 1237 5102 Johennes
1260 5040 1301 5102 de
1326 5039 1425 5100 Aeton
1452 5035 1617 5118 qnondam
1641 5039 1761 5116 tenuit,

296 5263 342 5326 Et
366 5263 407 5326 de
434 5260 575 5346 xxiiii&
600 5262 642 5324 de
667 5259 834 5325 willelmo
860 5262 902 5325 de
926 5261 1118 5346 Dycheiord
1146 5283 1203 5346 pro
1226 5263 1272 5327 di.
1288 5261 1312 5328 f.
1339 5267 1374 5325 et
1390 5269 1447 5326 1¹³⁸
1473 5263 1564 5344 purte
1583 5259 1609 5344 j.
1626 5258 1650 5326 f.
1667 5283 1711 5326 m.
1729 5262 1763 5325 in

256 5352 471 5440 beennon,
488 5368 551 5433 que
566 5347 736 5412 Gulfridue
750 5349 792 5412 de
806 5348 982 5414 Dicheiord
998 5349 1165 5433 quondam
1180 5351 1303 5428 tenuit,
1320 5349 1411 5421 sicut,
1422 5346 1609 5412 continetur
1624 5355 1690 5414 etc.
