4092 6117
275 581 338 646 238
894 580 1166 651 wlansfflen.

319 869 504 934 willelmus
522 869 676 936 Walrond
690 877 726 935 et
741 869 902 936 Ricardus
916 871 1024 957 Fyton
1040 875 1157 938 tenent
1171 871 1351 938 inmediate
1365 871 1406 936 de
1421 872 1503 936 duce
1518 871 1738 948 Gloucsstrie,
1752 875 1791 934 ut

277 958 319 1022 de
343 963 449 1022 cestro
474 979 533 1022 suo
558 959 599 1022 de
624 959 778 1045 Devysee
802 966 894 1024 certa
918 968 1022 1025 terras
1046 966 1080 1024 et
1104 967 1297 1025 tenemento
1321 962 1358 1024 in
1383 961 1571 1038 hrrnurorv,
1595 979 1659 1044 que
1687 979 1791 1041 nuper

275 1049 414 1110 fuerunt
430 1045 592 1110 Willelmi
607 1046 647 1110 de
662 1045 818 1132 Olynton,
833 1053 870 1111 et
883 1048 1036 1128 aliorum,
1051 1069 1109 1132 per
1124 1049 1300 1112 servicium
1313 1049 1358 1113 di.
1374 1049 1397 1112 f.
1413 1070 1458 1114 m.
1598 1046 1604 1060 '

320 1183 483 1248 Walterns
497 1183 720 1269 Beauohamp,
733 1185 842 1263 miles,
856 1192 890 1250 et
905 1183 1098 1263 Elizabetha
1112 1205 1192 1249 uxor
1206 1185 1290 1270 ejus,
1305 1191 1423 1250 tenent
1438 1185 1632 1263 inmediate,
1647 1185 1687 1248 de
1708 1184 1789 1248 duce

276 1271 491 1350 Glouceetrie,
508 1277 545 1335 ut
566 1272 614 1337 de
639 1281 745 1338 castro
769 1294 828 1337 suo
853 1274 895 1337 de
921 1274 1075 1358 Dcvyses,
1090 1279 1179 1337 certe
1202 1279 1304 1337 terras
1328 1280 1363 1336 et
1389 1278 1590 1352 tenemento,
1606 1292 1670 1357 que
1685 1292 1789 1356 nuper

276 1359 408 1425 fuerunt
422 1357 515 1422 Petri
529 1360 571 1424 de
586 1360 620 1423 la
635 1359 738 1438 Mare,
754 1362 790 1424 in
808 1361 1144 1440 Srurunnsvvrve'ron‚
1161 1381 1219 1445 per
1234 1361 1408 1425 servicium
1422 1361 1468 1425 di.
1485 1361 1508 1424 f.
1525 1381 1570 1426 m.

321 1497 440 1561 Rector
453 1497 495 1561 de
511 1497 692 1583 Edyngdon
707 1505 800 1564 tenet
814 1499 995 1564 inmediatc
1010 1498 1051 1564 de
1066 1500 1151 1564 duce
1175 1498 1392 1574 Gloucestrie,
1408 1504 1447 1564 ut
1470 1498 1512 1563 de
1539 1505 1646 1563 castro
1671 1519 1728 1562 suo
1747 1499 1789 1562 de

277 1584 432 1668 Devyses,
460 1592 551 1649 certa
580 1592 683 1649 terras
711 1594 745 1651 at
776 1593 965 1651 tenemento
994 1588 1029 1650 in
1062 1588 1397 1665 Srununurvvnonorv,
1428 1607 1492 1669 que
1522 1607 1626 1672 nuper
1654 1587 1788 1650 fuerunt

266 1673 423 1759 Agnetis,
439 1673 549 1736 uxoris
563 1671 727 1738 Johannie
744 1674 914 1754 Forestell,
929 1695 985 1758 per
1001 1676 1176 1739 servicium
1191 1675 1236 1740 di.
1251 1673 1273 1738 l.
1289 1695 1335 1740 m.

320 1812 460 1874 Thomas
474 1811 617 1876 Heneter
630 1817 728 1877 tenet
743 1812 923 1877 inmediste
937 1812 977 1875 de
992 1812 1126 1876 domino
1140 1832 1224 1898 rege,
1242 1820 1280 1876 nt
1295 1812 1337 1876 de
1352 1813 1474 1876 ducatu
1491 1811 1690 1892 Larmene,
1703 1818 1789 1876 certa

278 1902 379 1962 terres
406 1906 441 1962 et
466 1904 656 1963 tenemento
678 1900 712 1963 in
739 1901 1077 1980 Snurunnsvvuenorv,
1094 1921 1156 1986 que
1180 1920 1285 1984 nuper
1311 1898 1444 1963 fuerunt
1461 1899 1629 1964 Edmundi
1643 1900 1789 1977 Gomon,

276 2007 333 2070 per
347 1987 519 2050 servicium
534 1987 578 2052 di.
595 1987 618 2053 l.
635 2009 681 2053 m.

320 2124 477 2188 Priorissa
507 2125 548 2188 de
579 2125 798 2210 Ambreshury
827 2131 920 2190 tenet
949 2125 1134 2190 inmediatc
1164 2126 1205 2189 de
1236 2125 1370 2189 domino
1398 2144 1473 2210 rege
1503 2132 1594 2189 certa
1623 2132 1726 2190 terras
1754 2133 1789 2190 et

277 2215 466 2361 teneznenta
480 2213 515 2275 in
535 2213 859 2281 Srurnnnsvvrverorv
875 2216 908 2277 in
927 2234 1041 2298 puram
1056 2214 1267 2318 elemosinam
1282 2233 1340 2298 per
1363 2213 1537 2278 servicium
1555 2221 1670 2299 quarte
1685 2215 1787 2298 partis

277 2319 334 2364 un.
366 2321 436 2366 .m.

322 2437 505 2502 Wilielmus
526 2437 622 2502 ¹Reus
650 2443 744 2503 tenet
773 2439 956 2504 inmodicis
985 2439 1024 2503 de
1054 2459 1129 2524 rege
1153 2439 1205 2504 ic.
1233 2443 1323 2502 certa
1349 2442 1507 2503 terreret
1534 2442 1725 2503 tenementa
1750 2441 1785 2504 in

277 2526 421 2604 quena,
436 2546 500 2610 qne
515 2545 621 2609 nuper
635 2527 772 2590 fuerunt
786 2525 948 2590 Johsnnis
963 2527 1063 2607 Roue,
1079 2547 1136 2610 per
1150 2528 1324 2591 servicium
1340 2527 1385 2592 di.
1402 2525 1424 2590 f.
1440 2547 1487 2592 m.

321 2653 414 2726 Prior
429 2661 540 2727 Sancti
555 2663 716 2727 Johannis
731 2665 765 2726 in
779 2664 899 2748 Anglia
913 2668 1008 2728 tenet
1021 2665 1211 2743 inmediate,
1223 2664 1264 2728 de
1279 2684 1354 2748 quo,
1364 2663 1417 2728 vel
1432 2664 1474 2727 de
1489 2663 1608 2748 quibus
1623 2664 1787 2748 ignorant,

277 2760 365 2815 certa
401 2755 502 2813 terras
539 2758 574 2815 et
602 2755 793 2815 tenemento
821 2754 858 2815 in
889 2753 1077 2831 Cuverrorv,
1108 2772 1172 2836 quc
1203 2771 1307 2835 nuper
1345 2752 1480 2816 fuerunt
1508 2787 1694 2829 ——-—,
1732 2773 1788 2837 per

280 2838 451 2901 servicium
467 2838 511 2902 di.
526 2838 550 2903 f.
567 2859 613 2904 m.

321 2976 414 3040 Prior
428 2976 469 3039 de
485 2977 632 3041 Lentone
657 2982 750 3041 tenet
772 2978 962 3058 inmediate,
987 2978 1119 3062 dequo,
1134 2977 1187 3042 vel
1202 2978 1244 3041 de
1259 2977 1389 3063 quibus,
1404 2979 1567 3063 ignorant,
1583 2983 1671 3041 certa
1685 2985 1785 3044 terras

279 3069 315 3128 et
329 3069 519 3128 tenemento
534 3065 568 3126 in
585 3065 774 3143 Guvuvnoru
790 3085 848 3149 per
864 3066 1034 3129 servicium
1049 3066 1095 3129 di.
1111 3065 1134 3131 l.
1150 3087 1196 3132 m.

321 3202 486 3268 Johannes
500 3201 610 3268 (larter
624 3211 720 3269 tenet
733 3205 910 3270 inmediate
925 3211 1013 3270 certa
1028 3210 1132 3270 terras
1146 3212 1180 3270 et
1195 3213 1382 3270 tenemento
1396 3209 1429 3270 iu
1448 3206 1639 3282 Oncevvorv,
1653 3203 1694 3268 de
1711 3226 1786 3289 quo,

279 3292 328 3356 vel
343 3291 527 3376 dequibus,
542 3292 709 3378 ignorant,
723 3295 970 3376 perservicinm
985 3300 1101 3380 quarte
1117 3296 1219 3379 partis
1235 3315 1291 3360 un.
1307 3295 1331 3360 f.
1348 3315 1393 3360 m.

323 3431 444 3495 Dicunt
473 3433 576 3495 eciam
597 3432 760 3516 juratores
787 3433 937 3516 predicti,
953 3435 1038 3519 qnod
1063 3433 1154 3499 nulle
1180 3438 1259 3498 sunt
1283 3433 1346 3497 alie
1371 3452 1518 3517 persone,
1534 3435 1602 3497 sive
1628 3438 1785 3511 tenentes,

278 3519 367 3581 infra
394 3517 604 3583 hundredum
632 3520 829 3605 predictum,
859 3521 969 3584 seisite
998 3525 1034 3584 in
1064 3522 1230 3585 dominico
1260 3541 1319 3584 suo
1348 3522 1524 3585 inmediate
1550 3526 1589 3582 ut
1618 3519 1659 3584 de
1684 3521 1787 3584 libero

279 3613 478 3687 tenemento,
494 3607 582 3670 unde
609 3608 711 3671 iidem
735 3627 882 3691 persone,
899 3610 967 3671 sive
990 3613 1152 3686 tenentes,
1168 3609 1405 3692 possessionate
1426 3608 1584 3688 existunt,
1599 3609 1656 3693 qui
1672 3613 1788 3672 tenent

278 3715 337 3778 per
350 3695 517 3779 integrum
534 3695 667 3759 feodum
682 3694 811 3774 militie,
829 3697 1055 3777 medietatem,
1069 3699 1206 3759 terciam
1225 3695 1274 3759 vel
1299 3700 1451 3782 quartum
1474 3701 1601 3782 partem
1628 3715 1683 3762 un.
1699 3694 1722 3762 f.
1737 3718 1783 3763 m.

278 3780 448 3847 inclusive.

323 3916 364 3980 In
379 3918 472 4000 cujus
487 3918 535 3982 rei
550 3919 781 3984 testimonium
795 3924 859 3985 etc.

871 4369 1198 4438 ALWARDBURY.

322 4503 504 4588 Inquisicio
532 4511 630 4588 capta
657 4507 745 4590 upnd
775 4506 902 4572 Novam
932 4509 1160 4591 Sarisbnriam,
1184 4510 1238 4574 die
1268 4509 1359 4574 Jovis
1388 4513 1535 4595 proximo
1565 4517 1639 4596 poet
1662 4513 1785 4577 festum

282 4593 395 4657 Sancti
415 4591 573 4670 Barnahe,
588 4594 747 4676 Apostoli,
761 4615 848 4658 anuo
873 4598 968 4680 regni
992 4599 1080 4680 regie
1095 4596 1230 4660 Henrici
1252 4600 1338 4662 sexti
1365 4605 1438 4683 post
1452 4606 1667 4685 conquestum
1683 4608 1786 4680 serto,

283 4701 391 4742 coram
407 4678 558 4743 Johanne
574 4678 678 4762 Payn‚
700 4681 840 4748 Roberto
855 4683 963 4767 Erley‚
984 4682 1135 4748 Johanne
1153 4683 1286 4769 Sturmy
1302 4685 1342 4748 de
1357 4687 1506 4764 Axeford,
1531 4686 1682 4751 Johanne
1707 4688 1786 4752 Brid

279 4769 320 4829 de
343 4766 564 4851 Marleburgh‚
593 4769 738 4831 lieurico
761 4768 931 4855 Bradeley,
954 4769 1104 4835 Johanne
1131 4770 1265 4855 Sturrny
1288 4774 1327 4836 de
1355 4772 1610 4853 Wacheneeseld‚
1635 4773 1785 4840 Johanne

282 4855 383 4938 Buye,
407 4854 572 4918 Willelmo
602 4855 705 4918 Lorde
735 4857 775 4920 de
804 4857 896 4922 Nove
926 4857 1119 4936 Sarisburia,
1141 4857 1293 4922 Johanne
1320 4860 1506 4925 Mountfort
1532 4863 1572 4926 de
1598 4863 1666 4946 Lye
1691 4863 1786 4946 juxta

281 4943 466 5026 Weetbury,
496 4941 684 5006 collectores
714 4944 853 5008 subsidii
883 4946 1008 5009 domini
1038 4949 1122 5030 regis
1152 4947 1187 5009 in
1217 4947 1337 5010 ultimo
1365 4948 1582 5032 parliamento
1610 4971 1668 5014 suo
1697 4952 1785 5033 apud

281 5030 605 5093 Weetnronaeterinm
631 5029 665 5093 iu
694 5032 859 5116 quindeno
882 5031 995 5096 Sancti
1018 5031 1192 5097 Michaelis
1206 5033 1326 5098 ultimo
1351 5038 1507 5117 preterito
1522 5041 1615 5100 tento
1630 5040 1785 5116 concessi,

278 5138 336 5199 per
351 5121 592 5180 sacramentum
617 5115 752 5181 Ricardi
775 5117 953 5198 Thachsm,
967 5120 1127 5188 Willelmi
1153 5120 1304 5204 Haydon,
1319 5122 1477 5189 Willelmi
1502 5122 1611 5202 eleth,
1625 5123 1786 5188 Johannis

277 5203 377 5286 Pope‚
401 5203 525 5268 Thome
552 5203 747 5285 Gomeldon,
764 5205 922 5273 Willelmi
937 5208 1070 5284 Adams,
1085 5207 1209 5271 Thome
1224 5207 1396 5288 Sauudres,
1412 5211 1561 5295 Hugonis
1581 5213 1782 5291 Herneman,

275 5289 434 5354 Johannie
460 5290 612 5370 Peoham,
638 5291 798 5356 Johannis
824 5293 1012 5378 carpenter,
1038 5294 1198 5358 Johanuis
1223 5295 1320 5374 Note,
1336 5297 1494 5363 Wilielmi
1511 5299 1610 5375 Litle,
1625 5299 1782 5365 Willeimi

274 5377 384 5456 Peste,
399 5384 435 5442 et
459 5377 620 5444 Johannis
645 5379 775 5444 Hohhes
799 5380 839 5444 de
863 5381 1053 5467 Grymsted,
1062 5383 1261 5468 juratorum,
1271 5383 1459 5470 juratorum
1485 5386 1525 5448 de
1550 5384 1718 5449 hundredo
1742 5388 1784 5449 de
