4092 6117
898 568 982 634 ul).
1006 572 1102 634 1428.

888 855 1018 916 taxatur
1032 850 1072 914 od
1406 850 1587 915 subsidium

291 1011 437 1076 Ecclesia
449 1012 490 1076 de
507 1011 774 1080 Onsnnaruorou
930 1011 1080 1096 vj.mar0.
1098 1014 1131 1072 et
1145 1012 1192 1074 di.
1359 1010 1403 1096 vj.
1416 1033 1442 1076 s.
1458 1008 1573 1095 vitto.

292 1180 341 1244 De
366 1182 507 1246 subsidio
532 1182 700 1267 cujusdam
723 1180 919 1263 peusioionis
944 1183 1013 1259 (sic)
1042 1179 1077 1265 ij.
1093 1203 1119 1244 s.
1150 1201 1247 1264 quam
1279 1182 1427 1264 priorissa
1457 1183 1498 1246 de
1527 1181 1748 1266 Ambresbury

247 1271 387 1352 percipit
411 1272 447 1333 iu
475 1271 589 1333 eadem
613 1269 756 1333 ecclesia
782 1288 846 1329 nou
869 1267 1065 1350 respondent
1087 1268 1128 1330 de
1154 1267 1242 1330 ultra
1257 1268 1354 1331 dictis
1369 1269 1450 1354 vj.s.
1468 1268 1582 1357 viijd.
1599 1272 1749 1352 superius

246 1357 389 1420 oneratis
405 1357 545 1440 eoquod
560 1357 688 1420 taxacic
703 1354 838 1418 ecclesie
866 1355 1013 1438 predicte
1028 1375 1102 1416 cum
1126 1357 1282 1438 pensione
1305 1355 1451 1438 predicta
1472 1377 1537 1420 nou
1553 1358 1692 1441 attingit
1708 1357 1749 1421 ad

249 1463 409 1506 summam
425 1465 455 1507 x.
471 1464 663 1508 marcorum.

292 1606 438 1671 Ecclesia
452 1608 493 1671 de
507 1608 651 1673 anrcu
929 1605 971 1670 ix.
980 1627 1079 1669 marc.
1362 1607 1406 1690 vj.
1418 1629 1443 1671 s.
1459 1605 1529 1692 viij.
1539 1607 1571 1672 d.

291 1780 336 1843 Et
357 1786 532 1844 onerantur
558 1801 653 1864 super
679 1785 865 1863 compotum
893 1779 935 1843 de
962 1781 1042 1864 vis.
1060 1782 1133 1846 x.d.
1158 1780 1199 1843 ds
1224 1781 1368 1844 subsidio
1394 1779 1563 1864 cujusdam
1587 1784 1752 1866 pensionis

119 1893 122 1897 ·
248 1887 298 1932 xv.
308 1891 334 1932 s.
363 1889 461 1951 quam
492 1870 640 1952 priorissa
665 1868 707 1930 de
730 1867 947 1950 Ambresbury
973 1865 1114 1951 percipit
1140 1869 1174 1929 iu
1204 1868 1319 1930 eadem
1349 1888 1408 1951 pro
1435 1889 1473 1932 eo
1499 1871 1584 1955 quod
1614 1871 1750 1953 antiqua

172 2009 175 2013 .
246 1957 372 2018 taxucio
387 1956 522 2019 ecclesie
538 1957 683 2038 predicte
697 1976 772 2017 cum
788 1955 945 2037 pensione
960 1955 1106 2038 predicta
1119 1954 1248 2018 excedit
1263 1973 1422 2018 summum
1438 1977 1469 2026 x.
1487 1976 1681 2022 marcarum.

293 2126 439 2190 Ecclesia
452 2127 492 2190 de
507 2127 683 2192 Bosocusn
931 2124 1083 2208 vjsmrc.
1099 2130 1135 2188 et
1148 2127 1194 2194 di.
1365 2127 1409 2212 vj.
1419 2150 1445 2192 s.
1463 2127 1569 2212 viijs.

293 2305 342 2370 De
367 2306 475 2390 aliquo
500 2306 646 2369 subsidio
671 2304 841 2387 cujusdam
866 2305 1035 2388 pensionis
1062 2303 1136 2390 ijs.
1164 2325 1262 2390 quam
1288 2306 1439 2389 priorissa
1468 2306 1509 2369 de
1536 2305 1750 2392 Ambresbury

248 2395 389 2478 percipit
402 2397 438 2456 iu
452 2395 565 2456 eadem
580 2393 716 2456 ecclesia
730 2411 795 2454 non
811 2391 1009 2475 respondent
1023 2391 1110 2454 ultra
1124 2391 1229 2456 dictos
1244 2392 1287 2476 vj.
1296 2415 1323 2458 s.
1340 2392 1410 2477 viij.
1421 2391 1454 2458 d.
1470 2413 1508 2456 eo
1522 2394 1608 2478 quod
1623 2397 1750 2460 taxacio

247 2482 382 2544 ecclesie
397 2482 544 2567 predicte
558 2501 634 2543 cum
648 2479 806 2561 pencione
821 2479 967 2561 predicta
981 2498 1047 2540 non
1062 2479 1202 2564 attingit
1217 2501 1378 2543 summam
1394 2501 1424 2545 x.
1440 2500 1631 2545 marcarum.
1682 2559 1684 2563 ι

293 2653 436 2716 Ecclesia
472 2652 512 2715 de
546 2652 828 2720 Wrnruusounsu

596 2738 803 2806 Ounanoaou

864 2649 880 2816 i
929 2691 1311 2778 vj.marc.vj.s.viij.d.
1363 2692 1574 2779 sssvujs.

402 2955 422 2986 ,‚
539 2907 818 2975 Wrurnasoosuu

599 2995 738 3062 Courrrs
867 2910 881 3058 i
930 2950 1082 3016 ΜΨ·
1363 2950 1409 3034 VJ'·
1422 2972 1448 3014 ε.
1466 2949 1577 3035 viij.d.

403 3213 424 3244 .,
541 3167 745 3235 Gurusrnnn
930 3164 1082 3230 ismaro.
1365 3163 1447 3247 vj.s.
1465 3163 1575 3250 viij.d.

403 3389 424 3420 ‚‚
539 3341 720 3406 hincman
932 3336 991 3403 ts.
1045 3359 1047 3362 ·
1364 3336 1565 3423 vj.s.viij.d.

295 3517 342 3580 De
364 3515 474 3599 aliquo
499 3511 644 3574 subsidio
669 3509 808 3572 duarum
832 3509 1022 3590 porcionum
1049 3529 1121 3572 xxx.
1134 3531 1158 3573 s.
1175 3528 1254 3592 quas
1284 3508 1371 3590 prior
1396 3509 1437 3570 de
1463 3507 1701 3590 Bermondesey
1715 3508 1750 3570 in

249 3603 448 3667 Mildestone
476 3606 511 3663 et
539 3599 626 3682 prior
654 3598 723 3675 (sic)
753 3596 794 3658 de
827 3593 990 3658 Werswetl
1021 3596 1198 3678 separatim
1228 3595 1416 3678 percipiunt
1445 3597 1480 3657 in
1510 3595 1636 3672 eadem,
1664 3597 1751 3658 sicut

248 3693 433 3755 continetur
462 3689 496 3750 iu
526 3687 674 3769 registro,
699 3704 764 3746 non
793 3681 992 3765 respondent
1017 3681 1166 3765 eoquod
1192 3684 1318 3744 taxucio
1343 3682 1476 3745 ecclesie
1501 3682 1650 3764 predicte
1676 3702 1749 3745 cum

249 3776 455 3862 porcionibus
469 3773 621 3858 predictis
635 3791 700 3834 non
715 3770 854 3854 attingit
869 3789 1032 3831 summam
1047 3789 1078 3833 x.
1095 3788 1289 3832 marcarum.

824 3941 966 4005 Ecclesia
982 3961 1046 4004 non
1062 3945 1183 4005 taxste.

294 4121 440 4184 Ecclesia
474 4118 516 4182 de
552 4117 833 4185 Wrurusuoonun

596 4205 796 4269 Drunsnsnr

934 4195 1103 4203 -m--m
1365 4156 1445 4238 vj.s.
1462 4156 1573 4242 viijMd

409 4418 429 4446 .‚
544 4367 741 4432 Munusrou
936 4399 1104 4410 ——--

413 4581 433 4608 ,.
548 4529 807 4593 stnsnusconu
932 4561 1103 4572 ---

413 4742 434 4772 ,,
549 4692 749 4755 mandros
931 4725 1106 4734 —--

297 4876 344 4940 De
358 4873 467 4957 aliquo
480 4866 623 4930 subsidio
636 4865 805 4949 cujusdam
820 4866 987 4948 penciouis
1001 4885 1099 4948 quam
1115 4865 1265 4947 priorissa
1280 4864 1321 4926 de
1334 4863 1550 4948 Arubresbury
1561 4864 1702 4948 percipit
1717 4865 1753 4928 in

252 4965 367 5030 eadem
380 4958 516 5024 ecclesia
529 4973 594 5016 non
610 4953 804 5037 respondent
818 4952 907 5014 ultra
920 4952 1026 5016 dictos
1041 4951 1081 5034 vj.
1093 4975 1119 5016 a.
1138 4951 1206 5036 viij.
1217 4949 1250 5015 d.
1268 4953 1415 5035 superius
1437 4959 1585 5014 oneratos
1606 4971 1644 5014 co
1666 4951 1752 5036 quod

254 5051 341 5115 dicta
354 5045 489 5113 ecclesia
502 5061 568 5104 uon
583 5046 714 5104 taxatur
727 5039 769 5103 ab
782 5040 927 5124 antiquo.

297 5233 440 5324 Ecclesie
468 5247 534 5291 non
562 5232 674 5291 tanate
703 5246 763 5289 nec
793 5248 823 5290 x.
853 5222 1074 5288 inhabitantes
1109 5223 1143 5284 in
1180 5219 1342 5306 parochiis
1375 5223 1551 5286 eanmdern
1587 5221 1753 5285 domicilia

252 5327 413 5387 tenentes.

320 5453 382 5508 &81
1665 5439 1687 5490 'l‘
