4092 6117
894 606 974 675 AJ).
1000 609 1096 677 1346.
1702 610 1746 678 79

282 894 388 960 Abbas
404 896 443 959 de
458 895 598 966 Werdon
614 900 706 962 tenet
722 898 757 961 in
773 898 885 963 eadem
900 898 978 963 villa
1002 902 1152 985 quartam
1175 902 1305 982 partem
1328 896 1353 984 j.
1369 896 1393 964 i.
1413 918 1460 965 rn.
1475 898 1516 963 de
1542 896 1681 964 Roberto
1706 900 1747 965 de

241 983 511 1137 gfflssigomite
541 984 700 1049 Suffolkie
732 1006 837 1070 nuper
862 986 989 1051 abbatis
1015 987 1057 1050 de
1082 986 1223 1054 Wardon
1247 988 1283 1049 in
1313 985 1426 1050 eadem
1457 986 1535 1051 ville
1560 985 1601 1051 de
1627 988 1747 1052 comite

284 1183 446 1247 Rebertua
460 1184 500 1247 de
516 1183 712 1262 Todenhem‚
723 1184 880 1263 ohivaler,
890 1190 983 1250 tenet
997 1187 1033 1249 in
1049 1185 1237 1251 Eanewnnn
1252 1184 1288 1270 ij.
1305 1186 1328 1251 i.
1344 1206 1390 1250 m.
1403 1185 1444 1249 de
1456 1184 1575 1249 honore
1589 1186 1744 1271 Bononye

239 1272 325 1354 quod
341 1271 500 1335 Robertus
514 1273 555 1335 de
569 1271 759 1336 Todenhem
776 1293 882 1356 nuper
898 1275 1005 1337 tenuit
1021 1275 1056 1335 in
1071 1273 1185 1336 eedem
1200 1273 1280 1336 villa
1294 1273 1334 1335 de
1349 1272 1462 1336 eodem
1476 1271 1606 1339 honore.

283 1400 448 1462 Johennes
464 1400 503 1463 de
519 1398 723 1465 Shardelowe
739 1406 774 1464 et
790 1404 940 1465 tenentes
955 1402 1006 1464 eui
1021 1406 1136 1464 tenent
1151 1402 1187 1463 in
1203 1400 1339 1467 Brauon
1354 1400 1435 1464 duae
1449 1406 1558 1484 partes
1573 1402 1597 1487 j.
1609 1402 1632 1467 f.
1644 1422 1691 1468 rn.
1705 1402 1745 1465 de

241 1489 407 1550 eomitissa
422 1488 461 1550 de
477 1487 569 1555 Clare
585 1490 670 1573 quod
686 1488 716 1551 N
718 1488 865 1553 ioholaus
876 1490 917 1552 de
928 1488 1081 1551 Feiaham
1095 1494 1129 1552 et
1143 1488 1201 1551 alii
1216 1495 1367 1552 tenentes
1381 1490 1434 1552 eui
1448 1508 1554 1573 nuper
1568 1495 1745 1553 tenuerunt

240 1574 274 1637 in
290 1574 403 1637 eadem
419 1574 496 1637 ville
510 1575 551 1638 de
566 1578 686 1639 comite
700 1576 886 1640 Glovernie.

285 1710 472 1794 Stephanus
495 1712 537 1775 de
561 1712 712 1776 Brandon
737 1718 830 1777 tenet
853 1714 889 1776 in
912 1712 1049 1779 Brauon
1065 1716 1216 1796 quartam
1240 1717 1365 1796 partem
1380 1712 1405 1799 j.
1422 1713 1445 1779 i.
1460 1733 1506 1780 m.
1521 1712 1564 1777 de
1577 1713 1745 1777 comitieea

243 1799 435 1862 Mareeeeila
449 1819 553 1883 nuper
569 1798 727 1883 Stephani
745 1800 784 1864 de
799 1799 950 1864 Brandon
965 1802 1000 1864 in
1016 1802 1131 1865 eadem
1148 1800 1225 1865 villa
1240 1800 1281 1864 de
1294 1802 1413 1865 comite
1428 1800 1630 1868 Mareaeailo.

286 1929 443 1992 Robertue
468 1930 509 1993 de
533 1928 653 2011 Sealee,
678 1929 830 2011 ehivaier,
854 1927 919 2017 [et]
941 1928 1125 1997 Willelmue
1150 1929 1191 1995 de
1216 1929 1381 2014 Hasryng,
1403 1927 1553 2010 ohivaler,
1579 1935 1695 1994 tenent
1708 1930 1745 1995 in

239 2016 513 2084 Wamnnrrrorou
534 2017 560 2101 j.
577 2019 598 2083 f.
615 2039 660 2083 m.
689 2018 730 2080 de
753 2014 911 2105 [itoberto
938 2015 1071 2104 Gower]
1103 2017 1190 2103 quod
1217 2016 1398 2100 Adymerua
1421 2017 1463 2081 de
1491 2017 1612 2082 Valenz
1638 2037 1745 2102 nuper

240 2107 417 2167 tenuerunt
435 2106 503 2183 (sie)
522 2104 557 2167 in
572 2105 688 2169 eadem
703 2106 781 2168 villa
795 2105 837 2169 de
851 2102 1001 2168 Johanne
1017 2104 1057 2167 de
1072 2105 1237 2190 Haetyng.

285 2242 440 2305 Ricardua
466 2241 594 2326 Brutyn
620 2248 713 2307 tenet
736 2244 770 2307 iu
795 2243 1010 2309 annnnnru
1036 2248 1186 2326 quartum
1210 2248 1337 2326 partem
1362 2244 1388 2328 j.
1412 2242 1436 2308 f.
1462 2263 1507 2307 m.
1532 2243 1572 2306 de
1595 2243 1747 2327 episeopo

241 2328 557 2503 {iliyepnsgiugpgfiquod
573 2330 756 2398 Willelmue
789 2328 932 2417 [Brutyu
959 2349 1064 2413 nuper
1090 2332 1198 2394 tenuit
1222 2332 1256 2392 in
1282 2330 1398 2393 eadem
1424 2330 1502 2393 villa
1528 2330 1569 2393 de
1595 2330 1746 2414 episcopo

284 2528 464 2612 Episcopus
489 2528 650 2593 Roffeneie
676 2534 770 2594 tenet
796 2532 981 2595 manerium
1005 2550 1101 2594 auum
1128 2532 1164 2593 in
1192 2530 1308 2594 eadem
1334 2529 1412 2592 vilia
1441 2529 1481 2593 de
1506 2528 1747 2612 archiepiscopo

240 2613 469 2680 cantuariensi
483 2618 518 2680 in
532 2636 649 2700 puram
664 2624 700 2681 et
714 2621 909 2701 perpetuam
925 2619 1150 2683 elemosinam.

284 2751 375 2816 Prior
390 2751 430 2817 de
446 2753 547 2817 Stolre
563 2760 654 2818 tenet
669 2757 703 2819 in
719 2754 959 2821 Hearuowenn
973 2754 1023 2841 iij.
1040 2759 1168 2838 partem
1191 2754 1215 2821 f.
1231 2774 1276 2819 m.
1291 2753 1334 2818 de
1357 2752 1531 2838 Redulpho
1546 2751 1588 2818 de
1603 2753 1744 2819 Stafford

240 2834 343 2923 [quod
356 2839 444 2903 idem
460 2843 547 2925 prior
561 2845 671 2907 tenuit
685 2842 726 2906 de
741 2843 862 2906 comite
878 2840 1084 2929 Glovernie].

283 2978 456 3043 Abbatissa
479 2978 518 3043 de
541 2979 689 3043 Mariam
717 2985 810 3045 tenet
834 2980 869 3042 in
894 2978 1007 3043 eadem
1024 2978 1102 3043 viiia
1127 2978 1172 3044 di.
1187 2980 1390 3063 quarterium
1417 2978 1440 3043 f.
1458 2999 1504 3044 m.
1520 2979 1561 3042 de
1576 2980 1744 3044 comitissa

238 3063 431 3217 &2:253
453 3068 539 3151 quod
565 3068 730 3131 abbatisse
755 3068 795 3131 de
822 3065 972 3130 Mariam
996 3086 1100 3150 nuper
1125 3067 1239 3130 tenuit
1259 3067 1296 3130 in
1321 3065 1437 3131 eadem
1453 3066 1532 3130 villa
1554 3065 1596 3131 de
1622 3068 1743 3132 comite

283 3263 303 3327 J
305 3264 449 3331 ohannes
463 3268 503 3330 de
518 3267 678 3351 Norwytz,
691 3266 844 3345 chiveler,
854 3267 1018 3332 Johannes
1033 3272 1103 3331 atte
1117 3266 1217 3346 Lana,
1230 3270 1264 3331 et
1277 3265 1443 3330 Johannee
1455 3266 1612 3351 Wysman
1627 3272 1744 3335 tenent

237 3353 273 3414 in
288 3352 528 3421 Hnnruownnn
541 3354 586 3419 di.
601 3356 802 3440 quarterium
826 3355 848 3419 f.
864 3376 910 3421 m.
926 3355 967 3418 de
991 3355 1161 3418 comitissa
1185 3353 1375 3417 Mareaeaila
1400 3353 1487 3436 quod
1510 3354 1616 3417 Elena
1639 3355 1743 3421 Blunt

238 3459 343 3523 nuper
359 3444 467 3505 tenuit
481 3444 516 3505 in
533 3443 647 3506 eadem
662 3442 738 3506 ville
753 3441 793 3505 de
808 3444 929 3507 comite
946 3442 1148 3508 Mareeeallo.

283 3573 447 3641 Johannes
471 3579 513 3643 de
536 3578 749 3657 Shardelcwe‚
776 3578 930 3658 chivaier‚
945 3582 1036 3642 tenet
1063 3580 1099 3642 in
1126 3577 1309 3645 Grvrruurrr
1335 3576 1396 3663 iiij.
1412 3582 1541 3661 purtem
1559 3576 1585 3663 1⁰.
1600 3578 1625 3645 f.
1640 3599 1686 3646 m.
1701 3580 1744 3645 de

240 3662 470 3817 giffligde
487 3665 627 3730 Stefford
643 3668 730 3750 quod
746 3666 884 3751 Egidiue
899 3666 939 3729 de
954 3666 1157 3750 Trumpeton
1172 3666 1278 3728 tenuit
1292 3666 1327 3728 in
1342 3664 1457 3729 eadem
1473 3664 1553 3729 villa
1567 3666 1608 3729 de
1624 3668 1743 3732 comite

281 3890 421 3954 Thomas
445 3890 486 3955 de
509 3892 729 3975 Hemegrave,
746 3890 902 3969 chiveler,
917 3894 1012 3953 tenet
1036 3891 1069 3953 in
1095 3890 1282 3955 Tonnunaar
1303 3889 1331 3973 j.
1347 3889 1370 3955 f.
1386 3910 1432 3957 m.
1448 3888 1489 3953 de
1511 3892 1680 3956 comitiana
1701 3892 1742 3956 de

241 3976 329 4042 Kent
353 3978 439 4064 quod
464 3978 658 4042 Edmundua
683 3977 723 4041 de
748 3978 953 4062 Hemegrave
978 3976 1140 4062 quondam
1156 3977 1267 4040 tenuit
1281 3976 1316 4040 in
1332 3976 1444 4041 eadem
1461 3977 1540 4041 villa
1554 3978 1595 4043 de
1609 3979 1743 4043 domina

239 4064 388 4129 Johanua
404 4064 444 4129 de
462 4064 618 4150 Leyham.

280 4201 444 4266 Johannes
457 4203 496 4265 de
512 4202 650 4265 Freville
668 4206 761 4265 tenet
775 4202 811 4265 in
826 4200 938 4265 eadem
955 4200 1033 4264 villa
1047 4201 1093 4267 di.
1111 4201 1135 4267 f.
1153 4221 1199 4265 m.
1215 4200 1257 4263 de
1272 4200 1392 4263 honore
1403 4199 1638 4291 Winc[eatrie]
1655 4205 1742 4289 quod

238 4288 403 4353 Johannee
418 4290 457 4353 de
473 4290 614 4353 Freville
630 4288 790 4375 quondam
807 4289 916 4352 tenuit
931 4289 965 4352 in
981 4287 1097 4351 eadem
1113 4287 1194 4355 ailla
1209 4288 1249 4351 de
1263 4288 1375 4351 eodem
1391 4288 1523 4357 honore.

281 4427 447 4490 Johannes
472 4427 511 4490 de
538 4426 698 4491 Benetede
721 4430 815 4490 tenet
840 4428 875 4490 in
904 4425 1018 4490 eadem
1034 4424 1113 4489 ville
1138 4426 1184 4491 di.
1202 4424 1223 4491 i.
1239 4447 1284 4491 m.
1301 4425 1341 4489 de
1356 4423 1478 4490 honore
1492 4426 1534 4491 de
1548 4425 1641 4493 Clare
1656 4430 1743 4513 quod

236 4513 377 4577 Thomas
391 4515 430 4577 de
446 4512 559 4599 Burgh
576 4534 681 4597 nuper
695 4514 805 4578 tenuit
819 4516 854 4577 in
868 4514 983 4579 eudem
1000 4514 1079 4577 vilia
1094 4513 1135 4576 de
1151 4514 1273 4577 comite
1289 4512 1471 4577 Glovemie.

282 4651 471 4734 liudulphus
494 4651 533 4713 de
557 4652 589 4715 la
615 4649 802 4715 Oreasonere
825 4655 918 4714 tenet
942 4653 977 4714 in
1002 4651 1225 4716 Inunmnuru
1249 4650 1295 4716 di.
1312 4652 1335 4716 f.
1352 4671 1395 4716 m.
1412 4650 1453 4715 de
1468 4651 1592 4715 Adada
1607 4650 1742 4734 crinon,

233 4736 485 4889 iligp'ezlgieqmd
501 4738 692 4821 Radulphue
706 4738 747 4802 de
762 4738 792 4801 la
807 4736 993 4802 Oressonere
1009 4758 1114 4821 nuper
1129 4741 1239 4801 tenuit
1255 4739 1290 4799 in
1306 4739 1421 4801 eadem
1438 4737 1515 4801 ville
1536 4740 1576 4804 de
1600 4740 1742 4805 Roberto

282 4937 430 4999 Elizabet
455 4936 497 4998 de
523 4935 659 4999 Bemere
683 4940 776 5001 tenet
800 4938 835 5000 in
861 4937 976 5001 eedem
1002 4937 1081 5000 ville
1106 4937 1152 4999 di.
1174 4936 1197 5001 f.
1213 4957 1259 5001 m.
1286 4936 1326 4999 de
1351 4936 1551 5020 Magneta,
1574 4939 1742 5003 comitiana

237 5024 377 5175 {appuis}
399 5023 487 5107 quod
517 5023 654 5105 Egidius
680 5023 721 5086 de
749 5023 886 5087 Berners
911 5044 1012 5109 nuper
1038 5024 1147 5087 tenuit
1173 5024 1207 5086 in
1232 5024 1346 5086 eedem
1370 5023 1449 5086 villa
1477 5024 1518 5087 de
1545 5025 1686 5108 Hugone
1712 5026 1741 5089 ie

260 5134 418 5311 p[Maria
433 5222 602 5285 comitiana
616 5221 834 5310 Mereaeella,]
854 5228 951 5287 tenet
965 5225 999 5286 in
1016 5224 1181 5288 Euvnnnu
1196 5222 1325 5285 racione
1340 5224 1477 5286 minoris
1492 5225 1592 5287 etatie
1605 5224 1743 5305 Thome,

234 5309 294 5373 filii
318 5316 352 5373 et
376 5307 505 5371 heredis
534 5308 664 5370 Ricardi
689 5310 728 5373 de
752 5310 890 5374 Geinum
915 5310 976 5396 iiij.
1002 5317 1129 5394 partem
1157 5310 1179 5373 f.
1194 5329 1239 5373 m.
1267 5310 1353 5393 quod
1378 5309 1569 5392 Radulphue
1600 5313 1668 5389 (ric)
1697 5313 1738 5375 de

232 5396 372 5461 Geiham
388 5414 494 5479 nuper
508 5398 619 5459 tenuit
635 5396 668 5458 in
685 5395 797 5459 eadem
814 5396 893 5460 villa
906 5397 946 5461 de
961 5398 1125 5462 Enveneu
1140 5395 1182 5458 de
1198 5400 1320 5459 comite
1336 5396 1536 5463 Mereecaiio.
