4092 6117
781 618 862 685 Al).
885 620 1112 687 recl-1402.

653 906 891 997 [urrunnu
911 906 973 996 os]
1002 908 1246 1011 coutimur).

772 1044 856 1124 (Sec
872 1044 967 1111 below
977 1067 1014 1129 p.
1033 1046 1118 1124 101.)

666 1287 904 1375 [Hnonnnnns
926 1288 986 1378 ors]
1014 1290 1233 1361 LAGFORD.

241 1420 291 1485 De
316 1424 462 1487 monerio
484 1424 525 1489 de
548 1424 775 1493 Mmorrursnns
800 1428 888 1513 qnod
909 1429 1007 1493 abbes
1021 1428 1135 1493 Sancti
1156 1426 1324 1493 udmnndi
1338 1434 1430 1494 tenet
1444 1429 1486 1492 de
1500 1448 1574 1513 rege
1588 1428 1643 1495 i.o.
1660 1430 1694 1492 in

199 1528 315 1592 puram
329 1517 367 1573 et
378 1517 569 1595 perpetuam
584 1513 793 1578 elemosinam
810 1534 868 1598 per
882 1514 967 1601 quod
981 1516 1155 1581 servicium
1170 1518 1349 1601 ignoratur,
1362 1518 1447 1581 sicut
1461 1518 1647 1580 continetur
1660 1517 1696 1578 in

199 1597 340 1679 quedem
354 1599 569 1683 inquisicione
582 1607 645 1666 etc.
659 1620 725 1665 nors
738 1602 937 1685 respondent
949 1624 1006 1688 per
1024 1603 1118 1668 breve
1134 1604 1222 1687 regis
1247 1604 1347 1667 dictis
1371 1603 1597 1668 collectoribus
1618 1603 1696 1667 inde

200 1683 364 1748 directum
377 1685 493 1750 datum
507 1687 600 1771 xvj¹²⁰
616 1688 669 1751 dis
684 1688 833 1753 Jerruurii
847 1710 933 1754 enno
956 1692 1058 1755 tercio
1079 1695 1113 1756 et
1139 1692 1285 1775 superius
1309 1693 1344 1754 in
1368 1692 1509 1756 secunde
1535 1690 1695 1776 particula

200 1770 337 1834 istarum
351 1772 564 1865 percellcmm
578 1780 782 1842 annotatum.

242 1909 313 1973 Nec
340 1912 537 1995 respondent
565 1912 606 1975 de
635 1914 788 1976 maneriis
816 1914 855 1978 dc
885 1915 1116 1998 Irrrrnvucrrsu,
1148 1915 1436 1997 Hnuruonswrrnn,
1462 1914 1632 1982 Donum
1662 1922 1698 1978 et

200 1997 374 2077 Rumor,
400 2019 463 2083 que
487 1998 576 2063 idem
599 1998 698 2063 ebbss
720 2005 812 2065 tenet
837 2002 878 2065 de
902 2022 979 2086 rege
1003 2003 1056 2069 ic.
1085 2024 1229 2087 perque
1253 2004 1386 2068 servicia
1407 2004 1587 2089 ignoretur,
1610 2004 1696 2066 sicut

201 2087 388 2149 continetur
401 2091 436 2149 in
451 2086 665 2172 inquisicionc
679 2086 825 2171 predicte
839 2110 896 2173 per
909 2091 1005 2153 breve
1019 2091 1218 2174 predictum.

244 2219 314 2285 Nec
338 2222 535 2306 respondent
558 2223 602 2299 de
626 2223 770 2288 manerio
795 2224 837 2287 de
858 2220 1071 2287 Fususunnu
1086 2220 1171 2305 quod
1188 2220 1359 2304 episcopus
1374 2218 1537 2282 Roffensis
1551 2220 1642 2281 tenet
1657 2218 1698 2280 de

200 2327 275 2392 rege
300 2309 355 2377 ic.
371 2310 407 2372 in
432 2316 622 2396 perpetuam
645 2310 867 2388 elemosinam,
881 2309 969 2371 siout
991 2308 1178 2371 continetur
1200 2308 1236 2370 in
1258 2307 1474 2391 inquisicionc
1499 2306 1643 2389 predicte
1658 2326 1698 2367 ex

199 2397 611 2549 fflffldddmweaeod
625 2418 684 2482 per
696 2397 783 2482 quod
809 2396 981 2461 servicium
1003 2394 1131 2457 dictum
1155 2395 1339 2457 manerium
1365 2399 1496 2458 terretur
1518 2394 1698 2477 ignoretur,

243 2618 314 2683 Nec
327 2619 522 2704 respondent
536 2620 578 2684 de
592 2622 738 2685 manerio
751 2621 791 2685 de
805 2621 967 2687 Bmuuou
992 2619 1079 2704 quod
1105 2619 1274 2703 episcopus
1296 2618 1438 2682 Ellensis
1458 2588 1553 2681 tenet
1567 2616 1607 2681 de
1621 2636 1698 2701 rege

200 2708 253 2774 ic.
282 2728 325 2771 eo
353 2708 440 2792 quod
469 2728 527 2792 per
556 2708 643 2792 qnod
672 2709 845 2772 servicium
873 2708 1001 2772 dictum
1030 2707 1213 2771 manerium
1242 2710 1375 2771 tenetur
1403 2708 1583 2791 ignoretm,
1612 2705 1698 2767 sicut

201 2796 389 2859 comicum
401 2796 438 2858 in
452 2796 668 2881 inquisicionc
683 2796 838 2879 predicte.

244 2930 312 2995 Neo
337 2932 534 3016 respondent
558 2932 600 2996 de
625 2932 771 2996 monerio
796 2932 838 2995 de
863 2930 1105 3009 Limonum,
1121 2929 1209 3015 quod
1230 2930 1319 3014 prior
1339 2934 1373 2993 et
1386 2931 1565 2993 conventus
1579 2927 1621 2991 de
1636 2925 1699 3011 lily

200 3023 316 3083 tenent
328 3018 371 3081 de
386 3038 462 3103 nege
473 3021 530 3085 i.c.
540 3040 580 3083 eo
590 3020 676 3105 quod
690 3040 747 3103 per
756 3019 843 3103 quod
856 3017 1026 3082 servicium
1040 3016 1167 3081 dictum
1181 3018 1362 3081 manerium
1376 3022 1507 3081 tenetur
1521 3016 1699 3101 ignoretur,

201 3106 285 3170 sicut
299 3108 487 3172 continetur
501 3109 536 3170 in
550 3108 763 3193 inquisicionc
777 3106 935 3190 predicte.

243 3242 314 3307 Nec
327 3244 526 3327 respondent
535 3244 579 3308 de
592 3244 740 3308 manerio
749 3244 795 3307 dc
810 3244 918 3310 Psnvs
932 3242 1069 3309 Bsurou
1085 3242 1172 3327 qnod
1185 3241 1283 3305 ebbus
1297 3240 1411 3306 Sancti
1426 3239 1593 3304 Edmundi
1607 3242 1701 3303 tenet

203 3350 259 3414 per
272 3331 447 3395 servicium
461 3333 560 3394 unius
574 3330 763 3410 soorhsuke,
781 3332 866 3394 siout
880 3330 1066 3393 continetur
1081 3330 1116 3391 in
1132 3328 1347 3412 inquisicionc
1362 3327 1510 3413 predicte
1533 3348 1588 3411 per
1603 3326 1699 3389 breve

201 3417 532 3569 {iiidnoidfftofibm
556 3419 633 3482 inde
658 3418 818 3482 directum
842 3423 878 3482 et
903 3417 1053 3501 superius
1067 3417 1103 3479 iu
1125 3418 1230 3501 prime
1252 3416 1413 3501 particula
1426 3413 1526 3499 hujus
1540 3413 1699 3477 hundredi

481 3746 691 3835 [Huncnsos
711 3748 772 3837 on]
800 3745 1020 3818 BOLMERE
1048 3750 1116 3828 (sic)
1143 3769 1183 3815 nr
1206 3734 1427 3817 cuuYDON.

793 3881 864 3959 (Sec
878 3880 973 3946 below
985 3900 1020 3963 p.
1040 3881 1124 3957 100.)

509 4104 516 4115 ·
648 4145 885 4235 [Hcvnesomr
908 4146 967 4236 os]
996 4146 1271 4219 BISBREGGE.

792 4290 863 4370 (See
878 4290 971 4383 below
982 4312 1019 4373 p.
1039 4286 1133 4374 100.)

509 4600 527 4625 .
624 4552 862 4643 [Hnunsrncrs
884 4553 944 4642 nn]
973 4550 1289 4623 LODYNGLOND.

790 4690 865 4777 (Sec
881 4692 976 4757 below
986 4712 1023 4775 p.
1044 4692 1128 4768 105.)

559 4949 795 5037 [Hvunursrcu
818 4948 878 5037 os]
907 4946 1360 5019 uHuDuwAuDusuuu.

247 5092 292 5155 Et
313 5098 490 5156 onerentur
517 5088 557 5153 de
585 5111 672 5155 xva.
699 5108 756 5173 pro
788 5088 837 5177 iij
863 5094 970 5173 quert.
990 5088 1018 5173 j.
1045 5090 1068 5153 f.
1094 5109 1140 5153 m.
1166 5088 1200 5150 in
1226 5086 1427 5151 Burnusnuu
1452 5104 1516 5168 que
1539 5081 1706 5166 episcopus

201 5175 341 5258 Eliensis
357 5183 451 5242 tenet
465 5176 507 5240 de
522 5196 595 5260 rege
609 5178 661 5241 i.c.
678 5178 763 5240 sicut
777 5178 962 5240 continetur
977 5177 1011 5238 in
1028 5176 1168 5261 quadem
1185 5174 1400 5257 inquisicionc
1415 5176 1479 5235 etc.

240 5316 303 5381 flet
326 5314 526 5399 respondent
551 5312 593 5377 de
607 5334 672 5378 us.
688 5314 729 5377 de
754 5320 870 5398 quarte
892 5318 987 5396 purte
1009 5312 1037 5395 j.
1055 5312 1078 5378 i.
1092 5332 1139 5377 m.
1155 5312 1191 5375 in
1217 5311 1418 5375 Rsrnssnnu
1446 5308 1592 5390 predicto
1605 5324 1704 5388 quern

200 5403 334 5469 heredes
350 5402 486 5465 Roberti
500 5399 668 5464 'l'humod
681 5406 795 5465 tenent
809 5400 849 5465 de
863 5420 938 5485 rege
953 5400 1006 5466 i.c.
1024 5420 1081 5483 per
1095 5398 1346 5482 inquisicionem
1361 5394 1554 5480 predictum.

266 5534 334 5589 cccl
1616 5524 1637 5574 G
