4092 6117
947 551 1031 618 Ar).
1056 556 1151 620 1428.
1731 557 1794 624 277

290 831 451 897 Johennis
476 833 579 914 Wesi,
602 834 728 901 Thome
753 837 919 922 Quyntyn‚
946 839 1105 903 Willelmi
1130 846 1201 904 atte
1226 841 1324 918 Mun,
1350 840 1509 904 Willelmi
1536 843 1640 921 Horu,
1665 842 1796 906 Ricerdi

292 920 410 998 Forde,
445 919 578 985 Ricardi
614 928 686 988 site
722 924 816 1008 Myll‚
854 924 1011 989 Willelmi
1049 927 1159 1012 Perys,
1196 929 1335 996 walteri
1371 928 1590 1013 Frankeleyn‚
1637 929 1797 994 Johannis

293 1006 512 1090 Franlreleyn‚
548 1014 582 1072 et
619 1008 780 1077 Johaunis
809 1012 983 1097 Walterys‚
1014 1013 1213 1098 juratorum,
1244 1015 1428 1100 juratorum
1466 1017 1506 1082 ds
1542 1015 1720 1081 hundredis
1755 1017 1796 1081 de

293 1094 528 1179 Kyngbrygge,
544 1095 736 1178 Thornhull‚
752 1109 786 1164 et
802 1099 997 1184 Blalrgrove‚
1011 1103 1069 1185 qui
1085 1103 1202 1166 dicuni
1217 1123 1314 1186 super
1329 1109 1568 1168 sacramentum
1591 1125 1694 1184 suum,
1711 1104 1795 1189 quod

292 1200 403 1246 omnes
432 1203 573 1266 persone
587 1185 623 1249 iu
653 1187 719 1250 ista
744 1188 960 1271 inquisicione
989 1191 1161 1253 nominate
1188 1195 1265 1253 sunt
1292 1191 1401 1255 seisite
1429 1199 1464 1255 et
1492 1194 1738 1275 possessionem,
1761 1200 1795 1254 et

293 1289 403 1332 eorum
418 1269 567 1356 quelibet
580 1277 631 1337 est
646 1274 758 1338 seisita
772 1282 804 1337 et
820 1276 1057 1358 possessionata
1072 1277 1111 1340 de
1127 1279 1222 1341 terris
1237 1283 1271 1341 et
1286 1280 1484 1342 tenementis
1499 1279 1534 1342 in
1549 1278 1714 1342 dominico
1736 1299 1794 1343 suo
1897 1329 1901 1358 ,

292 1363 346 1506 uid
359 1356 399 1507 <lle
428 1357 546 1510 piberpd
560 1365 762 1441 tenemento,
792 1369 827 1426 et
856 1368 972 1426 tenent
1002 1385 1058 1427 seu
1087 1372 1181 1428 tenet
1210 1365 1307 1430 modo
1337 1372 1371 1430 ei
1401 1367 1505 1429 forma
1533 1368 1591 1450 qui
1628 1373 1796 1451 sequntur,

292 1464 323 1507 v1
347 1464 428 1510 erce
458 1466 504 1529 qu
556 1471 608 1512 :-

890 1642 1209 1712 KYNGBRYGGE.
1267 1707 1272 1720 .

335 1772 494 1839 Roberius
520 1775 669 1861 Baynsrd
696 1784 787 1843 tenet
812 1781 995 1846 inmediate
1019 1783 1061 1846 de
1089 1783 1249 1860 Johanna,
1265 1785 1379 1867 regina
1394 1782 1577 1868 Anglie,ui
1593 1782 1634 1846 de
1650 1779 1796 1846 manerio

293 1880 351 1924 suo
365 1861 405 1926 de
420 1857 624 1948 Hampitede
640 1864 827 1948 Marschall,
842 1873 934 1932 certa
948 1878 1054 1932 terras
1070 1874 1104 1934 et
1119 1875 1310 1935 tenementa
1324 1873 1360 1936 iu
1377 1871 1599 1948 Hermaeum,
1616 1890 1679 1955 que
1694 1888 1797 1953 nuper

291 1947 426 2013 fuerunt
439 1949 600 2015 Johannis
614 1952 753 2032 Peyton‚
770 1975 828 2038 per
842 1955 1013 2020 servicium
1030 1978 1085 2022 un.
1102 1956 1126 2023 f.
1143 1979 1188 2024 m.

222 2151 225 2156 .
335 2086 497 2152 liebertus
522 2089 709 2157 Stansheve
733 2099 825 2158 tenet
848 2095 1030 2159 inmediate
1056 2097 1096 2160 de
1122 2097 1248 2180 prefata
1271 2096 1394 2180 regina,
1424 2100 1464 2158 ut
1493 2095 1534 2158 de
1563 2094 1707 2158 manerio
1737 2113 1794 2157 suo

289 2173 446 2256 predicto,
461 2182 549 2241 certa
571 2184 675 2242 terras
699 2186 733 2244 et
757 2186 949 2245 tenementa
974 2185 1009 2246 in
1038 2184 1148 2251 Cuvvn
1164 2185 1289 2262 Auser,
1305 2203 1368 2268 que
1388 2202 1493 2266 nuper
1509 2184 1641 2246 fuerunt
1657 2180 1795 2248 Walteri

290 2260 519 2348 Pedevardyn,
533 2286 592 2349 per
606 2268 780 2331 servicium
796 2269 841 2332 di.
858 2269 881 2334 f.
898 2292 943 2337 m.

335 2398 426 2463 [dem
441 2401 602 2467 Robertus
616 2409 708 2469 tensi
723 2406 904 2471 inmediate
919 2408 959 2471 de
981 2413 1088 2471 cestro
1109 2408 1150 2471 de
1175 2407 1289 2491 Evyas
1312 2411 1400 2470 certa
1424 2411 1526 2469 terras
1550 2411 1585 2469 et
1609 2409 1795 2469 tenementa

288 2485 511 2642 pffidpmlilque
537 2511 641 2576 nuper
664 2493 800 2557 fuerunt
823 2494 980 2561 Willelmi
1006 2495 1045 2558 de
1070 2494 1241 2574 Bedesord‚
1267 2515 1325 2578 per
1354 2495 1527 2558 servicium
1553 2497 1667 2556 oclsve
1692 2493 1794 2575 partis

330 2709 423 2774 Prior
437 2713 476 2776 de
491 2713 731 2780 Bradenesiolre
746 2720 837 2781 benet
852 2718 1033 2782 inmediate
1048 2719 1089 2783 de
1104 2739 1180 2802 rege
1196 2719 1380 2781 manerium
1402 2717 1442 2782 de
1458 2718 1602 2783 Lruusu
1617 2717 1652 2779 in
1677 2736 1793 2800 puram

287 2797 497 2863 elemosinam
511 2823 569 2885 pro
583 2823 649 2886 quo
664 2805 763 2869 solvit
776 2805 929 2885 decimas,
944 2808 1074 2889 quando
1089 2806 1214 2870 decime
1230 2813 1376 2870 currunt.

332 2942 473 3008 Thomas
488 2945 656 3035 Quyntyn,
670 2949 791 3036 junior,
806 2957 899 3016 tenet
912 2953 1093 3016 inmediate
1108 2952 1148 3015 de
1164 2952 1285 3016 honore
1299 2950 1341 3014 de
1358 2951 1565 3036 Trovbrygg,
1594 2953 1629 3013 ut
1654 2947 1695 3012 de
1717 2947 1793 3033 jure

290 3029 394 3094 Alicie
420 3035 528 3096 uxoris
554 3055 623 3114 sue,
650 3047 739 3101 certa
765 3043 866 3103 terras
888 3046 923 3103 et
950 3045 1136 3103 tenementa
1162 3041 1196 3102 in
1224 3038 1430 3117 Lvrsncora,
1446 3059 1508 3122 que
1531 3057 1636 3121 nuper
1661 3035 1795 3100 fuerunt

290 3117 446 3183 Willelmi
461 3121 502 3183 de
517 3121 699 3206 Lptelcote‚
712 3146 772 3208 per
787 3129 960 3190 servicium
976 3127 1022 3191 di.
1039 3127 1061 3192 f.
1080 3149 1125 3192 m.

332 3253 426 3319 Prior
448 3257 489 3320 de
514 3256 740 3325 Brodenstoke
765 3265 860 3324 tenet
884 3263 1075 3337 inmediate,
1098 3262 1138 3325 de
1163 3283 1226 3346 quo
1250 3260 1301 3325 vel
1323 3258 1497 3346 dequibus
1519 3260 1682 3344 ignorent,
1706 3263 1794 3320 certa

289 3345 390 3407 terras
414 3350 449 3408 et
475 3350 664 3412 tenemento
689 3349 724 3411 in
749 3349 897 3427 Fsvrua,
922 3370 986 3432 que
1012 3371 1117 3433 nuper
1141 3350 1275 3412 fuerunt
1290 3347 1440 3410 Nicholai
1455 3347 1600 3430 Mertyn,
1617 3347 1653 3410 in
1669 3365 1793 3430 puram

288 3429 511 3511 elemosinam,
527 3454 586 3518 pro
601 3436 721 3520 quibus
736 3434 834 3499 solvit
849 3436 1004 3515 decimas,
1019 3436 1149 3521 qnando
1165 3437 1289 3501 decime
1304 3439 1452 3500 currunt.

333 3579 426 3643 Idem
453 3583 541 3665 prior
564 3588 659 3646 tenet
682 3583 874 3662 inmediate,
900 3584 941 3647 de
965 3602 1031 3665 quo
1046 3581 1097 3646 vel
1124 3581 1305 3665 dequibus
1329 3582 1493 3666 ignorant,
1519 3583 1609 3643 cerie
1635 3585 1735 3642 terres
1758 3587 1794 3644 et

289 3671 482 3732 tenemenia
496 3669 529 3730 in
547 3670 648 3736 Wasr
664 3671 884 3750 Terrarum,
901 3672 936 3734 in
951 3690 1068 3754 puram
1084 3669 1309 3748 elemosinam,
1326 3689 1383 3752 pro
1400 3669 1515 3753 quibus
1531 3668 1628 3730 solvit
1642 3667 1794 3744 decimes,

288 3755 417 3837 quando
430 3755 557 3820 decime
571 3764 715 3821 currunt.

333 3893 509 3973 Walterus,
541 3894 693 3958 dominus
729 3895 948 3980 Hungerford,
976 3900 1011 3958 ei
1040 3895 1141 3958 ceteri
1170 3892 1359 3957 ieoffatores
1388 3893 1481 3956 ducis
1510 3891 1647 3954 Eboraci
1677 3894 1792 3954 tenent

289 3979 467 4045 inmediate
492 3981 533 4046 ds
556 3982 689 4045 domino
711 4003 787 4067 rege
815 3985 867 4049 ic.
882 3989 970 4047 certe
983 3990 1086 4045 terres
1101 3987 1135 4044 et
1150 3986 1341 4045 tenementn
1356 3982 1391 4044 in
1407 3981 1475 4046 Esr
1492 3979 1710 4057 Touanuusu,
1726 3999 1790 4062 que

288 4087 391 4151 nuper
403 4067 539 4132 fuerunt
552 4069 703 4152 Hugonia
717 4070 747 4133 le
764 4070 914 4155 Spencer‚
925 4090 984 4154 per
1000 4069 1174 4133 servicium
1189 4068 1235 4133 di.
1249 4069 1274 4138 f.
1290 4091 1335 4135 m.

328 4213 493 4278 Johannes
507 4211 650 4278 (lobham
666 4221 760 4280 tenet
774 4215 953 4279 inmediate
969 4214 1009 4279 de
1025 4215 1186 4290 Johanna‚
1201 4213 1316 4298 regine
1328 4211 1456 4296 Anglie,
1467 4217 1506 4274 ut
1520 4211 1560 4274 de
1575 4211 1719 4273 manerio
1734 4231 1791 4273 suo

286 4299 327 4365 de
343 4301 545 4385 Hampstede
559 4300 748 4380 Marsohall,
762 4309 854 4366 certa
868 4309 971 4367 terras
986 4308 1021 4365 et
1036 4306 1229 4367 tenemento
1243 4301 1278 4362 in
1301 4289 1410 4368 Onrvs
1435 4300 1576 4376 Purser,
1602 4317 1664 4382 que
1687 4317 1791 4381 nuper

286 4390 420 4454 fuerunt
432 4388 582 4473 Agnetis,
597 4410 661 4475 que
674 4389 741 4455 fuit
756 4410 836 4454 uxor
851 4390 974 4454 'rhome
990 4390 1031 4454 de
1048 4388 1202 4461 Cohham,
1212 4408 1274 4471 ¹per
1290 4387 1465 4451 servicium
1480 4387 1526 4452 di.
1542 4384 1566 4450 f.
1583 4407 1630 4451 m.

329 4535 488 4601 Ricardus
517 4535 716 4621 Kaiermayu
746 4543 843 4603 tenet
871 4537 1055 4601 inmediate
1086 4537 1127 4600 de
1157 4534 1279 4599 honore
1309 4530 1486 4598 Glovernie
1512 4535 1602 4593 certa
1625 4535 1727 4593 terras
1757 4534 1792 4592 et

285 4624 549 4774 hidildiffiiinf
570 4624 731 4778 Idlpnsrore
763 4646 826 4710 qus
857 4645 963 4710 nuper
1000 4627 1135 4688 luerunt
1171 4621 1333 4687 iohannis
1362 4620 1404 4683 de
1441 4615 1696 4696 Bredenestoke‚
1733 4637 1791 4701 per

328 4844 443 4911 (lomes
456 4847 624 4915 Warrvici
638 4852 733 4912 tenet
747 4849 928 4913 inmediate
942 4847 983 4912 de
1001 4849 1130 4931 prelata
1145 4846 1271 4932 regina,
1286 4849 1325 4908 ut
1339 4845 1379 4907 de
1399 4841 1544 4907 manerio
1560 4862 1617 4904 suo
1632 4838 1788 4924 predicto,

284 4940 374 4997 certa
387 4940 492 4997 terras
505 4939 541 4997 et
554 4940 745 4999 tenemeuta
759 4937 795 4998 in
810 4935 1027 5014 Baonarours,
1039 4956 1100 5021 que
1116 4954 1219 5018 nuper
1234 4933 1367 4996 fuerunt
1383 4929 1534 5016 Hugouis
1548 4927 1580 4992 le
1595 4927 1788 5011 Despencer,

285 5040 342 5104 per
355 5021 530 5085 servicium
544 5021 591 5087 di.
607 5023 631 5087 f.
646 5044 692 5088 m.

327 5159 512 5227 Willelmus
526 5158 629 5245 Parys
643 5164 737 5225 tenet
750 5161 930 5226 inmediate
944 5161 986 5225 de
1002 5161 1130 5245 pressis
1143 5159 1267 5244 regina,
1281 5163 1320 5221 ut
1334 5154 1374 5220 de
1388 5154 1532 5218 manerio
1552 5174 1609 5217 suo
1632 5151 1789 5236 predicto,

284 5252 373 5312 certe
396 5255 499 5312 terras
523 5254 558 5311 ei
582 5254 772 5313 tenementa
795 5251 830 5312 in
857 5250 1063 5316 Beonarouu
1078 5253 1112 5312 ei
1126 5248 1302 5325 Mnaseus,
1318 5263 1382 5327 que
1396 5262 1502 5325 nuper
1516 5241 1649 5304 luerunt
1663 5237 1788 5304 Thome

285 5330 396 5419 Parps,
411 5355 468 5418 per
483 5336 657 5399 servicium
669 5341 785 5417 quarte
799 5338 902 5420 partis
916 5357 972 5403 un.
989 5337 1012 5402 f.
1029 5358 1075 5402 m.
