4092 6117
925 573 1006 639 ιι).
1024 576 1127 668 rus.

735 857 954 924 Husnaauuu
977 879 1020 922 ua
1044 857 1303 930 WESTBURY.

313 993 492 1078 Inquisicio
515 999 611 1076 capta
638 992 725 1076 apud
751 993 937 1076 Westbnry,
965 995 1018 1057 die
1048 994 1200 1060 Mercurii
1230 996 1377 1079 proximo
1406 1001 1479 1079 post
1508 997 1626 1060 festum
1657 995 1768 1059 Sancti

270 1082 417 1146 Barnabe
432 1079 587 1164 Apostoli,
603 1100 688 1143 anno
711 1081 801 1166 regni
824 1082 912 1164 regis
936 1081 1072 1144 Henrici
1097 1082 1179 1144 sexti
1205 1087 1279 1165 post
1304 1088 1517 1167 conquestum
1544 1091 1648 1160 sexto,
1661 1102 1768 1146 coram

268 1169 416 1233 Johannc
442 1168 544 1251 Payn,
568 1167 710 1231 Roberto
736 1167 846 1252 Erley,
868 1166 1018 1232 Johanne
1042 1167 1176 1252 Sturmy
1200 1169 1240 1232 de
1266 1168 1419 1244 Axeford,
1440 1170 1587 1234 Johanne
1614 1170 1700 1254 Bryd
1726 1170 1767 1234 de

269 1255 492 1340 Marlehurgh,
509 1255 650 1318 Hsnrico
666 1254 835 1338 Bradeley,
853 1253 1004 1319 Johanne
1020 1253 1153 1338 Sturmy
1168 1255 1208 1318 de
1224 1255 1482 1336 Wachenesleld,
1498 1256 1649 1321 Johanne
1665 1257 1766 1340 Buye,

270 1342 434 1407 Willelmo
462 1343 568 1405 lorde
598 1343 639 1406 de
669 1341 761 1406 Nova
791 1341 983 1419 Sarisburia,
1012 1348 1048 1405 et
1084 1341 1232 1406 Johanue
1267 1343 1454 1407 Mountfort
1490 1345 1531 1407 de
1569 1345 1636 1429 Lye
1673 1345 1769 1429 juxta

270 1431 450 1513 Westhury,
480 1428 702 1493 collectoribus
731 1428 870 1492 subsidii
906 1430 1031 1492 domini
1061 1430 1145 1514 regis
1176 1431 1212 1493 in
1241 1431 1400 1493 comitatu
1430 1431 1547 1495 Wiltes
1583 1435 1618 1494 in
1648 1433 1767 1494 ultimo

268 1520 483 1604 parliamento
512 1535 572 1580 suo
603 1522 697 1580 tento
720 1517 806 1598 apud
837 1515 1164 1580 westmonasterium
1195 1518 1230 1580 in
1257 1518 1421 1600 quindena
1451 1517 1564 1581 Sancti
1593 1517 1766 1583 Michaelis

266 1607 386 1670 ultimo
411 1605 570 1688 preterita
599 1605 751 1680 concessi,
775 1624 832 1686 per
861 1610 1102 1667 sacramentum
1132 1602 1290 1668 lobannis
1320 1604 1413 1682 Brut,
1443 1603 1602 1668 Johannis
1631 1605 1764 1690 Govyn,

266 1694 388 1757 Thome
404 1695 541 1774 Averey,
555 1689 714 1754 Johannis
730 1689 893 1774 Shervyn,
909 1691 1051 1753 Simonis
1065 1689 1204 1768 uouker,
1221 1691 1355 1754 Ricardi
1373 1691 1519 1776 Knyght,
1535 1692 1648 1756 Jacobi
1664 1693 1765 1772 Hous,

266 1781 425 1845 lobannis
440 1777 569 1861 Smyt-h,
585 1777 743 1841 Johannis
757 1776 912 1855 Caustell,
929 1776 1088 1841 Johannis
1104 1777 1222 1858 Grene,
1238 1778 1360 1841 Thome
1377 1779 1525 1864 Knyght,
1552 1787 1588 1842 et
1609 1779 1766 1844 Johannis

266 1867 379 1952 Flyke,
415 1867 609 1952 juratorum,
644 1865 827 1949 juratorum
863 1866 905 1927 de
942 1864 1111 1929 hundredo
1147 1865 1187 1928 de
1219 1865 1403 1951 Westbury,
1433 1869 1490 1950 qui
1527 1867 1642 1930 dicunt
1669 1888 1767 1953 super

266 1959 500 2020 sacramentnm
517 1973 612 2016 suum
627 1952 713 2034 quod
735 1972 845 2014 omnes
866 1972 1000 2036 persone
1027 1954 1060 2016 in
1077 1954 1141 2016 ista
1156 1954 1370 2038 inquisicione
1385 1954 1551 2018 nominate
1566 1961 1642 2017 sunt
1657 1956 1765 2018 seisite

263 2053 295 2107 et
333 2041 568 2126 possessionate
597 2045 632 2102 et
661 2060 773 2103 eorum
802 2039 948 2122 quelibet
977 2046 1028 2102 est
1057 2041 1169 2103 saisita
1198 2044 1232 2103 et
1261 2041 1498 2123 possessionata
1526 2041 1567 2104 de
1601 2043 1694 2104 terris
1732 2048 1764 2106 et

264 2129 461 2194 tenementis
486 2127 520 2190 iu
546 2127 709 2190 dominico
733 2146 791 2190 suo
816 2132 854 2191 ut
873 2126 913 2190 de
927 2126 1029 2191 libero
1044 2131 1247 2204 tenemento,
1264 2135 1298 2190 et
1314 2133 1428 2191 tenent
1444 2148 1499 2191 seu
1513 2131 1607 2192 tenet
1621 2129 1716 2192 modo
1731 2137 1764 2193 et

263 2217 366 2282 forma
381 2217 438 2302 qui
452 2221 621 2299 sequntur,
634 2213 797 2292 videlicet,
814 2214 900 2297 quod
910 2238 963 2278 :-

306 2405 438 2486 Ceoilia,
454 2426 517 2492 que
531 2406 597 2468 ruit
611 2425 692 2468 uxor
705 2403 861 2469 Willelmi
877 2401 1018 2487 Cbeyny,
1032 2402 1162 2482 militis,
1179 2406 1273 2465 tenet
1295 2401 1486 2464 immediate.
1512 2401 1552 2465 de
1578 2423 1653 2488 rege
1676 2410 1764 2466 certa

262 2501 426 2648 ffirrfasmet
448 2496 650 2571 tenementa,
665 2511 728 2575 que
752 2511 856 2575 nuper
882 2491 1016 2554 fuerunt
1040 2489 1202 2553 Johannis
1229 2489 1269 2552 de
1297 2489 1417 2572 Pavely
1439 2491 1475 2552 in
1491 2490 1691 2571 Wrrersuuv,
1708 2513 1764 2574 per

305 2745 469 2812 Johannes
494 2741 649 2820 Chideolr,
678 2739 829 2819 chivaler,
853 2749 888 2803 et
914 2739 1078 2803 Walterus
1101 2739 1235 2818 Sandes‚
1259 2738 1413 2819 chivaler,
1436 2745 1472 2802 et
1486 2739 1667 2824 Margareta
1686 2762 1764 2805 uxor

261 2837 345 2922 ejus,
358 2841 474 2900 tenent
487 2830 677 2895 immediate
692 2828 732 2891 de
746 2848 825 2910 rege
840 2828 875 2890 in
890 2828 1079 2894 Wusrsunu
1095 2827 1251 2912 predicta,
1267 2831 1354 2890 certa
1380 2832 1482 2890 terras
1506 2832 1542 2890 et
1568 2834 1763 2908 tenemeuta,

262 2944 324 3009 que
338 2923 502 3010 quondam
517 2920 651 2982 fuerunt
665 2916 802 2998 predicti
817 2913 976 2979 Johannis
991 2915 1031 2978 dc
1047 2914 1178 2997 Pavely,
1196 2935 1253 2998 per
1269 2915 1439 2978 servicium
1454 2913 1500 2978 di.
1515 2916 1540 2979 f.
1557 2935 1603 2980 m.

303 3084 455 3160 Thomas,
468 3087 573 3146 rector
587 3081 629 3143 de
644 3079 835 3163 Edyngdon,
852 3082 944 3141 tenet
969 3075 1151 3139 inmediate
1175 3075 1216 3138 de
1242 3096 1318 3160 rege
1343 3077 1378 3138 iu
1404 3076 1558 3141 errou
1575 3083 1609 3138 et
1624 3077 1762 3142 Dunrou

258 3183 348 3240 certa
378 3177 484 3236 terras
513 3175 547 3232 et
575 3171 777 3244 tenementa,
808 3185 873 3248 que
903 3162 1065 3250 quondam
1095 3163 1230 3227 fuerunt
1261 3163 1392 3226 Roberti
1430 3163 1673 3247 Chamberlayu,
1706 3185 1762 3248 per

259 3261 428 3327 servicium
442 3258 489 3323 di.
505 3256 527 3322 f.
542 3277 589 3321 m.

302 3421 466 3486 lohannes
494 3417 678 3501 Westbury,
716 3417 833 3490 senior,
863 3417 952 3477 tenet
980 3411 1021 3474 ad
1051 3413 1229 3476 terminum
1259 3413 1326 3476 vite
1356 3432 1411 3476 sue
1440 3413 1475 3474 in
1505 3413 1692 3480 Wssrsuny
1721 3415 1762 3478 de

258 3510 408 3578 Johanne
423 3507 545 3578 Grene,
558 3506 729 3588 armigero,
744 3501 813 3564 filio
828 3506 863 3564 et
878 3499 998 3563 herede
1015 3498 1275 3579 HeariciGrene,
1291 3505 1382 3563 certa
1396 3504 1499 3563 terras
1515 3511 1547 3563 et
1563 3508 1761 3579 tenementa,

258 3619 320 3686 que
344 3595 506 3684 quondam
532 3591 666 3655 fuerunt
694 3587 855 3653 Johannis
883 3587 1032 3669 Maudyt,
1056 3608 1096 3649 ex
1125 3587 1320 3650 tradissione
1346 3592 1381 3650 et
1406 3587 1593 3651 dimissione
1625 3588 1760 3671 predicti

258 3687 393 3751 Heurici
408 3682 471 3746 sibi
487 3681 563 3743 inde
578 3678 683 3756 factis,
700 3698 757 3760 per
771 3675 938 3739 redditum
954 3673 1068 3737 decem
1085 3693 1266 3738 marcarum
1290 3672 1415 3756 prelato
1442 3675 1584 3738 Henrico
1600 3673 1708 3738 Grene
1725 3683 1759 3738 et

257 3773 427 3839 heredibus
441 3769 510 3831 suis
524 3768 601 3830 inde
618 3786 674 3849 per
689 3783 812 3827 aunum
827 3764 967 3826 durante
981 3763 1123 3824 termino
1139 3761 1287 3845 predicto
1303 3760 1540 3840 solvendarum,-
1551 3781 1613 3846 que
1626 3762 1758 3844 quidem

257 3873 356 3925 terras
379 3870 414 3922 et
438 3862 630 3920 tenementa
655 3851 822 3936 predictus
848 3849 1013 3912 Johanues
1043 3848 1184 3933 Maudyt
1213 3849 1324 3911 tenuit
1353 3848 1532 3912 inmediate
1561 3849 1602 3912 de
1632 3851 1759 3932 prefato

256 3948 407 4014 Johanne
422 3945 463 4008 de
478 3941 628 4026 Paveley,
643 3960 701 4025 per
716 3938 889 4003 servicium
904 3938 950 4001 di.
967 3936 991 3998 f.
1009 3957 1055 4070 ιιι.

298 4108 470 4174 Predictus
506 4112 613 4166 rector
648 4103 690 4166 de
727 4099 910 4183 Edyngdon
940 4103 1032 4161 tenet
1061 4097 1253 4161 immediate
1282 4096 1323 4159 de
1353 4117 1428 4180 rege
1464 4103 1552 4160 certa
1589 4103 1690 4162 terras
1723 4105 1758 4163 et

254 4192 683 4350 ffiffiffirinfffimu
711 4197 746 4252 et
772 4188 923 4265 Dumou,
950 4206 1013 4270 que
1038 4185 1202 4269 quondam
1227 4184 1361 4247 luerunt
1383 4183 1514 4248 Ricardi
1541 4185 1679 4270 Dansey,
1703 4207 1758 4270 per

299 4437 392 4500 idem
417 4437 522 4497 rector
546 4430 724 4494 inmediate
749 4428 789 4490 de
813 4447 888 4510 rege
913 4432 1016 4488 certas
1039 4428 1144 4488 terras
1170 4430 1205 4487 et
1232 4427 1419 4486 tenementa
1445 4424 1477 4484 in
1505 4422 1669 4502 Bsanrou,
1693 4443 1757 4508 que

254 4526 388 4589 fuerunt
403 4519 540 4584 Henrici
555 4516 729 4592 chambre,
743 4535 800 4599 per
817 4514 989 4576 servicium
1004 4512 1051 4577 di.
1067 4511 1090 4576 f.
1105 4533 1151 4577 m.
1765 4513 1773 4527 '

296 4677 420 4740 Dicunt
445 4673 584 4737 ulterius
610 4669 746 4756 predicti
766 4669 930 4754 juratores
952 4667 1037 4750 quod
1062 4686 1127 4728 nou
1152 4669 1229 4728 suut
1256 4663 1320 4727 alie
1342 4683 1485 4746 persone,
1511 4662 1578 4725 sive
1598 4661 1756 4740 tenentes',

252 4765 339 4829 infra
362 4761 571 4826 hundredum
595 4759 790 4843 predictum,
815 4755 927 4820 seisite
948 4756 985 4817 in
1008 4753 1175 4816 dominico
1206 4772 1264 4814 suo
1293 4751 1498 4826 immediate,
1522 4755 1562 4812 ut
1585 4750 1626 4812 de
1657 4750 1756 4813 libero

250 4857 450 4928 tenement0,
465 4847 552 4911 unde
573 4847 685 4909 eedem
709 4864 843 4927 persone
866 4845 934 4906 sive
957 4845 1108 4905 tenentes
1136 4839 1370 4923 possessiouate
1397 4837 1555 4913 existunt,
1569 4837 1624 4922 qni
1642 4841 1756 4901 tenent

251 4960 306 5023 per
320 4941 486 5017 integrum
501 4933 633 4997 feodum
649 4932 779 5008 militis,
794 4930 1021 5010 medietatem,
1037 4928 1187 5005 terciam,
1205 4925 1257 4990 vel
1272 4933 1435 5010 quartam,
1450 4929 1577 5006 partem
1593 4944 1650 4990 un.
1667 4923 1690 4989 f.
1707 4945 1752 4990 ιιι.

254 5027 422 5096 inclusive.

295 5178 335 5241 In
349 5176 445 5263 cnjus
458 5173 505 5238 rei
520 5170 746 5236 testimonium
764 5174 827 5233 etc.

821 5349 1292 5362 ----—-——-.—-.-———-.—..
