<?xml version="1.0" encoding="UTF-8"?>
<!DOCTYPE html PUBLIC "-//W3C//DTD XHTML 1.0 Transitional//EN"
    "http://www.w3.org/TR/xhtml1/DTD/xhtml1-transitional.dtd">
<html xmlns="http://www.w3.org/1999/xhtml" xml:lang="en" lang="en">
 <head>
  <title>
</title>
<meta http-equiv="Content-Type" content="text/html;charset=utf-8" />
  <meta name='ocr-system' content='tesseract 3.04.00' />
  <meta name='ocr-capabilities' content='ocr_page ocr_carea ocr_par ocr_line ocrx_word'/>
</head>
<body>
  <div class='ocr_page' id='page_1' title='image "./inquisitionsand03offigoog_0045.png"; bbox 0 0 4092 6117; ppageno 0'>
   <div class='ocr_carea' id='block_1_1' title="bbox 809 598 1746 693">
    <p class='ocr_par' dir='ltr' id='par_1_1' title="bbox 809 598 1746 693">
     <span class='ocr_line' id='line_1_1' title="bbox 809 598 1746 693; baseline -0.002 -24"><span class='ocrx_word' id='word_1_1' title='bbox 809 601 893 671; x_wconf 58' lang='lat' dir='ltr'><strong>en.</strong></span> <span class='ocrx_word' id='word_1_2' title='bbox 925 598 1184 693; x_wconf 72' lang='lat' dir='ltr'><strong>[mcc-mcc]</strong></span> <span class='ocrx_word' id='word_1_3' title='bbox 1703 602 1746 668; x_wconf 75' lang='lat'><strong>29</strong></span> 
     </span>
    </p>
   </div>
   <div class='ocr_carea' id='block_1_2' title="bbox 243 882 1748 1233">
    <p class='ocr_par' dir='ltr' id='par_1_2' title="bbox 243 882 1748 1233">
     <span class='ocr_line' id='line_1_2' title="bbox 287 882 1746 980; baseline 0.004 -31"><span class='ocrx_word' id='word_1_4' title='bbox 287 882 491 954; x_wconf 78' lang='lat' dir='ltr'><strong>Baidewinus</strong></span> <span class='ocrx_word' id='word_1_5' title='bbox 520 891 562 955; x_wconf 82' lang='lat' dir='ltr'><strong>de</strong></span> <span class='ocrx_word' id='word_1_6' title='bbox 591 890 709 959; x_wconf 81' lang='lat' dir='ltr'><strong>Stokes</strong></span> <span class='ocrx_word' id='word_1_7' title='bbox 737 897 831 959; x_wconf 80' lang='lat' dir='ltr'><strong>tenet</strong></span> <span class='ocrx_word' id='word_1_8' title='bbox 861 900 1009 980; x_wconf 77' lang='lat' dir='ltr'><strong>quartem</strong></span> <span class='ocrx_word' id='word_1_9' title='bbox 1042 898 1170 980; x_wconf 77' lang='lat' dir='ltr'><strong>partem</strong></span> <span class='ocrx_word' id='word_1_10' title='bbox 1206 894 1231 960; x_wconf 82' lang='lat' dir='ltr'><strong>f.</strong></span> <span class='ocrx_word' id='word_1_11' title='bbox 1263 914 1310 961; x_wconf 89' lang='lat' dir='ltr'><strong>m.</strong></span> <span class='ocrx_word' id='word_1_12' title='bbox 1340 894 1376 958; x_wconf 85' lang='lat' dir='ltr'><strong>in</strong></span> <span class='ocrx_word' id='word_1_13' title='bbox 1413 891 1563 978; x_wconf 77' lang='lat' dir='ltr'><strong>predicta</strong></span> <span class='ocrx_word' id='word_1_14' title='bbox 1592 891 1670 957; x_wconf 80' lang='lat' dir='ltr'><strong>villa</strong></span> <span class='ocrx_word' id='word_1_15' title='bbox 1704 890 1746 956; x_wconf 87' lang='lat' dir='ltr'><strong>de</strong></span> 
     </span>
     <span class='ocr_line' id='line_1_3' title="bbox 243 975 1748 1065; baseline 0.005 -29"><span class='ocrx_word' id='word_1_16' title='bbox 243 975 408 1040; x_wconf 87' lang='lat' dir='ltr'><strong>Willelmo</strong></span> <span class='ocrx_word' id='word_1_17' title='bbox 435 977 475 1041; x_wconf 87' lang='lat' dir='ltr'><strong>de</strong></span> <span class='ocrx_word' id='word_1_18' title='bbox 500 978 626 1061; x_wconf 83' lang='lat' dir='ltr'><strong>Stokes‚</strong></span> <span class='ocrx_word' id='word_1_19' title='bbox 653 982 740 1065; x_wconf 87' lang='lat' dir='ltr'>quod</span> <span class='ocrx_word' id='word_1_20' title='bbox 765 984 929 1064; x_wconf 76' lang='lat' dir='ltr'><strong>quondam</strong></span> <span class='ocrx_word' id='word_1_21' title='bbox 960 982 1121 1047; x_wconf 76' lang='lat' dir='ltr'><strong>Robertus</strong></span> <span class='ocrx_word' id='word_1_22' title='bbox 1150 982 1191 1047; x_wconf 88' lang='lat' dir='ltr'><strong>de</strong></span> <span class='ocrx_word' id='word_1_23' title='bbox 1220 980 1338 1046; x_wconf 80' lang='lat' dir='ltr'><strong>Stokee</strong></span> <span class='ocrx_word' id='word_1_24' title='bbox 1367 982 1487 1058; x_wconf 87' lang='lat' dir='ltr'><strong>tenuit,</strong></span> <span class='ocrx_word' id='word_1_25' title='bbox 1517 985 1551 1044; x_wconf 83' lang='lat' dir='ltr'><strong>et</strong></span> <span class='ocrx_word' id='word_1_26' title='bbox 1581 980 1748 1064; x_wconf 81' lang='lat' dir='ltr'><strong>predictus</strong></span> 
     </span>
     <span class='ocr_line' id='line_1_4' title="bbox 244 1062 1746 1233; baseline 0.003 -107"><span class='ocrx_word' id='word_1_27' title='bbox 244 1062 426 1233; x_wconf 48' lang='lat' dir='ltr'><strong>fflgmue</strong></span> <span class='ocrx_word' id='word_1_28' title='bbox 453 1070 542 1203; x_wconf 80' lang='lat' dir='ltr'><strong>tenet</strong></span> <span class='ocrx_word' id='word_1_29' title='bbox 562 1067 605 1206; x_wconf 67' lang='lat' dir='ltr'><strong>,de</strong></span> <span class='ocrx_word' id='word_1_30' title='bbox 630 1066 803 1207; x_wconf 64' lang='lat' dir='ltr'><strong>chdultio</strong></span> <span class='ocrx_word' id='word_1_31' title='bbox 818 1069 1089 1209; x_wconf 44' lang='lat' dir='ltr'><strong>de.Kogg.eehale,</strong></span> <span class='ocrx_word' id='word_1_32' title='bbox 1105 1076 1141 1133; x_wconf 88' lang='lat' dir='ltr'><strong>et</strong></span> <span class='ocrx_word' id='word_1_33' title='bbox 1156 1068 1352 1209; x_wconf 55' lang='lat' dir='ltr'><strong>ltenduiffus</strong></span> <span class='ocrx_word' id='word_1_34' title='bbox 1367 1068 1408 1204; x_wconf 53' lang='lat' dir='ltr'><strong>cie</strong></span> <span class='ocrx_word' id='word_1_35' title='bbox 1422 1089 1498 1203; x_wconf 75' lang='lat' dir='ltr'><strong>regc</strong></span> <span class='ocrx_word' id='word_1_36' title='bbox 1514 1067 1556 1131; x_wconf 88' lang='lat' dir='ltr'><strong>de</strong></span> <span class='ocrx_word' id='word_1_37' title='bbox 1570 1067 1746 1221; x_wconf 45' lang='lat' dir='ltr'><strong>lionorexdse</strong></span> 
     </span>
    </p>
   </div>
   <div class='ocr_carea' id='block_1_3' title="bbox 244 1314 1748 1660">
    <p class='ocr_par' dir='ltr' id='par_1_3' title="bbox 244 1314 1748 1660">
     <span class='ocr_line' id='line_1_5' title="bbox 286 1314 1745 1405; baseline 0.003 -28"><span class='ocrx_word' id='word_1_38' title='bbox 286 1314 701 1381; x_wconf 62' lang='lat' dir='ltr'><strong>Ammona-willelmus</strong></span> <span class='ocrx_word' id='word_1_39' title='bbox 715 1318 755 1381; x_wconf 88' lang='lat' dir='ltr'><strong>dc</strong></span> <span class='ocrx_word' id='word_1_40' title='bbox 771 1320 942 1384; x_wconf 86' lang='lat' dir='ltr'><strong>Mortimer</strong></span> <span class='ocrx_word' id='word_1_41' title='bbox 957 1324 1051 1383; x_wconf 81' lang='lat' dir='ltr'><strong>tenet</strong></span> <span class='ocrx_word' id='word_1_42' title='bbox 1066 1322 1101 1383; x_wconf 90' lang='lat' dir='ltr'><strong>in</strong></span> <span class='ocrx_word' id='word_1_43' title='bbox 1116 1320 1292 1387; x_wconf 73' lang='lat' dir='ltr'><strong>Acsecoim</strong></span> <span class='ocrx_word' id='word_1_44' title='bbox 1307 1319 1332 1405; x_wconf 85' lang='lat' dir='ltr'><strong>j.</strong></span> <span class='ocrx_word' id='word_1_45' title='bbox 1348 1320 1372 1385; x_wconf 85' lang='lat' dir='ltr'><strong>f.</strong></span> <span class='ocrx_word' id='word_1_46' title='bbox 1389 1340 1434 1385; x_wconf 90' lang='lat' dir='ltr'><strong>m.</strong></span> <span class='ocrx_word' id='word_1_47' title='bbox 1449 1320 1489 1382; x_wconf 92' lang='lat' dir='ltr'><strong>de</strong></span> <span class='ocrx_word' id='word_1_48' title='bbox 1512 1316 1654 1382; x_wconf 83' lang='lat' dir='ltr'><strong>Rcbcrto</strong></span> <span class='ocrx_word' id='word_1_49' title='bbox 1677 1316 1745 1381; x_wconf 84' lang='lat' dir='ltr'><strong>filio</strong></span> 
     </span>
     <span class='ocr_line' id='line_1_6' title="bbox 244 1398 1748 1484; baseline 0.005 -22"><span class='ocrx_word' id='word_1_50' title='bbox 244 1398 376 1483; x_wconf 85' lang='lat' dir='ltr'><strong>Rogeri,</strong></span> <span class='ocrx_word' id='word_1_51' title='bbox 405 1422 480 1464; x_wconf 88' lang='lat' dir='ltr'><strong>cum</strong></span> <span class='ocrx_word' id='word_1_52' title='bbox 511 1402 721 1484; x_wconf 60' lang='lat' dir='ltr'><strong>(intimem,</strong></span> <span class='ocrx_word' id='word_1_53' title='bbox 752 1407 839 1470; x_wconf 87' lang='lat' dir='ltr'><strong>unde</strong></span> <span class='ocrx_word' id='word_1_54' title='bbox 869 1407 1055 1471; x_wconf 80' lang='lat' dir='ltr'><strong>Willelmue</strong></span> <span class='ocrx_word' id='word_1_55' title='bbox 1091 1408 1130 1470; x_wconf 93' lang='lat' dir='ltr'><strong>de</strong></span> <span class='ocrx_word' id='word_1_56' title='bbox 1166 1408 1200 1471; x_wconf 84' lang='lat' dir='ltr'><strong>la</strong></span> <span class='ocrx_word' id='word_1_57' title='bbox 1229 1408 1295 1471; x_wconf 88' lang='lat' dir='ltr'><strong>Lee</strong></span> <span class='ocrx_word' id='word_1_58' title='bbox 1325 1412 1417 1471; x_wconf 82' lang='lat' dir='ltr'><strong>tenet</strong></span> <span class='ocrx_word' id='word_1_59' title='bbox 1446 1410 1674 1469; x_wconf 80' lang='lat' dir='ltr'><strong>tenementum</strong></span> <span class='ocrx_word' id='word_1_60' title='bbox 1706 1405 1748 1469; x_wconf 89' lang='lat' dir='ltr'><strong>de</strong></span> 
     </span>
     <span class='ocr_line' id='line_1_7' title="bbox 244 1486 1748 1581; baseline 0.003 -28"><span class='ocrx_word' id='word_1_61' title='bbox 244 1486 441 1555; x_wconf 65' lang='lat' dir='ltr'><strong>(immone</strong></span> <span class='ocrx_word' id='word_1_62' title='bbox 465 1493 500 1551; x_wconf 85' lang='lat' dir='ltr'><strong>ct</strong></span> <span class='ocrx_word' id='word_1_63' title='bbox 522 1492 697 1574; x_wconf 78' lang='lat' dir='ltr'><strong>respondet</strong></span> <span class='ocrx_word' id='word_1_64' title='bbox 722 1514 780 1581; x_wconf 86' lang='lat' dir='ltr'><strong>pro</strong></span> <span class='ocrx_word' id='word_1_65' title='bbox 803 1500 895 1559; x_wconf 84' lang='lat' dir='ltr'><strong>sexta</strong></span> <span class='ocrx_word' id='word_1_66' title='bbox 919 1499 1009 1578; x_wconf 85' lang='lat' dir='ltr'><strong>perte</strong></span> <span class='ocrx_word' id='word_1_67' title='bbox 1034 1496 1117 1559; x_wconf 89' lang='lat' dir='ltr'><strong>dicti</strong></span> <span class='ocrx_word' id='word_1_68' title='bbox 1141 1496 1166 1581; x_wconf 84' lang='lat' dir='ltr'><strong>j.</strong></span> <span class='ocrx_word' id='word_1_69' title='bbox 1183 1495 1205 1560; x_wconf 87' lang='lat' dir='ltr'><strong>f.</strong></span> <span class='ocrx_word' id='word_1_70' title='bbox 1224 1499 1260 1557; x_wconf 90' lang='lat' dir='ltr'><strong>et</strong></span> <span class='ocrx_word' id='word_1_71' title='bbox 1276 1494 1444 1579; x_wconf 81' lang='lat' dir='ltr'><strong>predictus</strong></span> <span class='ocrx_word' id='word_1_72' title='bbox 1460 1491 1644 1557; x_wconf 78' lang='lat' dir='ltr'><strong>Willelmus</strong></span> <span class='ocrx_word' id='word_1_73' title='bbox 1658 1493 1700 1556; x_wconf 86' lang='lat' dir='ltr'><strong>dc</strong></span> <span class='ocrx_word' id='word_1_74' title='bbox 1717 1493 1748 1557; x_wconf 77' lang='lat' dir='ltr'><strong>le</strong></span> 
     </span>
     <span class='ocr_line' id='line_1_8' title="bbox 245 1574 1747 1660; baseline 0.008 -25"><span class='ocrx_word' id='word_1_75' title='bbox 245 1574 309 1636; x_wconf 84' lang='lat' dir='ltr'><strong>Lee</strong></span> <span class='ocrx_word' id='word_1_76' title='bbox 324 1580 418 1639; x_wconf 87' lang='lat' dir='ltr'><strong>tenet</strong></span> <span class='ocrx_word' id='word_1_77' title='bbox 432 1576 473 1641; x_wconf 89' lang='lat' dir='ltr'><strong>de</strong></span> <span class='ocrx_word' id='word_1_78' title='bbox 487 1576 634 1660; x_wconf 84' lang='lat' dir='ltr'><strong>predicto</strong></span> <span class='ocrx_word' id='word_1_79' title='bbox 650 1579 791 1645; x_wconf 81' lang='lat' dir='ltr'><strong>Robertc</strong></span> <span class='ocrx_word' id='word_1_80' title='bbox 871 1621 1592 1634; x_wconf 88' lang='lat'>--------</span> <span class='ocrx_word' id='word_1_81' title='bbox 1668 1581 1712 1646; x_wconf 85' lang='lat' dir='ltr'><strong>xl.</strong></span> <span class='ocrx_word' id='word_1_82' title='bbox 1720 1604 1747 1647; x_wconf 80' lang='lat' dir='ltr'><strong>c.</strong></span> 
     </span>
    </p>
   </div>
   <div class='ocr_carea' id='block_1_4' title="bbox 246 1737 1749 1896">
    <p class='ocr_par' dir='ltr' id='par_1_4' title="bbox 246 1737 1749 1896">
     <span class='ocr_line' id='line_1_9' title="bbox 246 1737 1749 1888; baseline 0.001 -84"><span class='ocrx_word' id='word_1_83' title='bbox 246 1737 639 1888; x_wconf 56' lang='lat' dir='ltr'><strong>EdContigittim—Comes</strong></span> <span class='ocrx_word' id='word_1_84' title='bbox 654 1741 801 1808; x_wconf 84' lang='lat' dir='ltr'><strong>Hoxonie</strong></span> <span class='ocrx_word' id='word_1_85' title='bbox 816 1748 907 1808; x_wconf 84' lang='lat' dir='ltr'><strong>tenet</strong></span> <span class='ocrx_word' id='word_1_86' title='bbox 924 1746 958 1808; x_wconf 89' lang='lat' dir='ltr'><strong>in</strong></span> <span class='ocrx_word' id='word_1_87' title='bbox 974 1745 1153 1812; x_wconf 66' lang='lat' dir='ltr'><strong>Coxarum)</strong></span> <span class='ocrx_word' id='word_1_88' title='bbox 1168 1744 1212 1808; x_wconf 88' lang='lat' dir='ltr'><strong>di.</strong></span> <span class='ocrx_word' id='word_1_89' title='bbox 1229 1748 1354 1827; x_wconf 82' lang='lat' dir='ltr'><strong>partem</strong></span> <span class='ocrx_word' id='word_1_90' title='bbox 1369 1743 1394 1828; x_wconf 83' lang='lat' dir='ltr'><strong>j.</strong></span> <span class='ocrx_word' id='word_1_91' title='bbox 1406 1743 1431 1810; x_wconf 83' lang='lat' dir='ltr'><strong>f.</strong></span> <span class='ocrx_word' id='word_1_92' title='bbox 1443 1742 1484 1805; x_wconf 88' lang='lat' dir='ltr'><strong>de</strong></span> <span class='ocrx_word' id='word_1_93' title='bbox 1501 1742 1619 1806; x_wconf 78' lang='lat' dir='ltr'><strong>abbate</strong></span> <span class='ocrx_word' id='word_1_94' title='bbox 1634 1741 1749 1806; x_wconf 80' lang='lat' dir='ltr'><strong>Sancti</strong></span> 
     </span>
     <span class='ocr_line' id='line_1_10' title="bbox 298 1845 1747 1896; baseline 0.003 -19"><span class='ocrx_word' id='word_1_95' title='bbox 298 1845 375 1888; x_wconf 71' lang='lat' dir='ltr'><strong>mun</strong></span> <span class='ocrx_word' id='word_1_96' title='bbox 400 1847 410 1888; x_wconf 80' lang='lat'>1</span> <span class='ocrx_word' id='word_1_97' title='bbox 467 1867 1593 1884; x_wconf 94' lang='grc'>............</span> <span class='ocrx_word' id='word_1_98' title='bbox 1661 1851 1747 1896; x_wconf 64' lang='lat' dir='ltr'><strong>m,</strong></span> 
     </span>
    </p>
   </div>
   <div class='ocr_carea' id='block_1_5' title="bbox 245 1989 1748 2165">
    <p class='ocr_par' dir='ltr' id='par_1_5' title="bbox 245 1989 1748 2165">
     <span class='ocr_line' id='line_1_11' title="bbox 290 1989 1748 2079; baseline -0.001 -22"><span class='ocrx_word' id='word_1_99' title='bbox 290 1989 689 2057; x_wconf 68' lang='lat' dir='ltr'><strong>Soimmoum-Thomes</strong></span> <span class='ocrx_word' id='word_1_100' title='bbox 703 1993 744 2057; x_wconf 86' lang='lat' dir='ltr'><strong>de</strong></span> <span class='ocrx_word' id='word_1_101' title='bbox 760 1991 869 2078; x_wconf 86' lang='lat' dir='ltr'>Burgo</span> <span class='ocrx_word' id='word_1_102' title='bbox 884 1998 980 2058; x_wconf 85' lang='lat' dir='ltr'><strong>tenet</strong></span> <span class='ocrx_word' id='word_1_103' title='bbox 1005 1996 1040 2057; x_wconf 89' lang='lat' dir='ltr'><strong>in</strong></span> <span class='ocrx_word' id='word_1_104' title='bbox 1066 1994 1267 2062; x_wconf 68' lang='lat' dir='ltr'><strong>§mmmm</strong></span> <span class='ocrx_word' id='word_1_105' title='bbox 1295 1996 1445 2079; x_wconf 82' lang='lat' dir='ltr'><strong>quartam</strong></span> <span class='ocrx_word' id='word_1_106' title='bbox 1471 1998 1599 2075; x_wconf 84' lang='lat' dir='ltr'><strong>partem</strong></span> <span class='ocrx_word' id='word_1_107' title='bbox 1623 1992 1649 2075; x_wconf 86' lang='lat' dir='ltr'><strong>j.</strong></span> <span class='ocrx_word' id='word_1_108' title='bbox 1666 1992 1690 2058; x_wconf 75' lang='lat' dir='ltr'><strong>f.</strong></span> <span class='ocrx_word' id='word_1_109' title='bbox 1708 1992 1748 2055; x_wconf 88' lang='lat' dir='ltr'><strong>de</strong></span> 
     </span>
     <span class='ocr_line' id='line_1_12' title="bbox 245 2075 1748 2165; baseline 0.005 -27"><span class='ocrx_word' id='word_1_110' title='bbox 245 2077 365 2140; x_wconf 89' lang='lat' dir='ltr'><strong>comite</strong></span> <span class='ocrx_word' id='word_1_111' title='bbox 382 2075 542 2158; x_wconf 85' lang='lat' dir='ltr'><strong>Oxhonie,</strong></span> <span class='ocrx_word' id='word_1_112' title='bbox 557 2082 590 2143; x_wconf 86' lang='lat' dir='ltr'><strong>et</strong></span> <span class='ocrx_word' id='word_1_113' title='bbox 605 2099 711 2144; x_wconf 79' lang='lat' dir='ltr'><strong>comes</strong></span> <span class='ocrx_word' id='word_1_114' title='bbox 726 2080 765 2144; x_wconf 86' lang='lat' dir='ltr'><strong>de</strong></span> <span class='ocrx_word' id='word_1_115' title='bbox 779 2079 893 2145; x_wconf 76' lang='lat' dir='ltr'><strong>abbate</strong></span> <span class='ocrx_word' id='word_1_116' title='bbox 909 2079 1023 2146; x_wconf 80' lang='lat' dir='ltr'>Sancti</span> <span class='ocrx_word' id='word_1_117' title='bbox 1038 2082 1217 2161; x_wconf 85' lang='lat' dir='ltr'><strong>Edmundi,</strong></span> <span class='ocrx_word' id='word_1_118' title='bbox 1232 2086 1268 2145; x_wconf 83' lang='lat' dir='ltr'><strong>et</strong></span> <span class='ocrx_word' id='word_1_119' title='bbox 1282 2081 1383 2145; x_wconf 71' lang='lat' dir='ltr'>abbas</span> <span class='ocrx_word' id='word_1_120' title='bbox 1397 2080 1440 2143; x_wconf 89' lang='lat' dir='ltr'><strong>de</strong></span> <span class='ocrx_word' id='word_1_121' title='bbox 1454 2100 1530 2165; x_wconf 79' lang='lat' dir='ltr'><strong>rege</strong></span> <span class='ocrx_word' id='word_1_122' title='bbox 1584 2118 1596 2131; x_wconf 93' lang='lat'><strong>·</strong></span> <span class='ocrx_word' id='word_1_123' title='bbox 1685 2101 1748 2146; x_wconf 65' lang='lat' dir='ltr'><strong>me.</strong></span> 
     </span>
    </p>
   </div>
   <div class='ocr_carea' id='block_1_6' title="bbox 290 2238 1747 2331">
    <p class='ocr_par' dir='ltr' id='par_1_6' title="bbox 290 2238 1747 2331">
     <span class='ocr_line' id='line_1_13' title="bbox 290 2238 1747 2331; baseline 0.005 -29"><span class='ocrx_word' id='word_1_124' title='bbox 290 2238 470 2304; x_wconf 83' lang='lat' dir='ltr'><strong>Willelmue</strong></span> <span class='ocrx_word' id='word_1_125' title='bbox 485 2240 678 2307; x_wconf 81' lang='lat' dir='ltr'><strong>Telemeche</strong></span> <span class='ocrx_word' id='word_1_126' title='bbox 692 2248 785 2307; x_wconf 85' lang='lat' dir='ltr'><strong>tenet</strong></span> <span class='ocrx_word' id='word_1_127' title='bbox 798 2244 832 2308; x_wconf 88' lang='lat' dir='ltr'><strong>in</strong></span> <span class='ocrx_word' id='word_1_128' title='bbox 849 2243 993 2328; x_wconf 86' lang='lat' dir='ltr'><strong>predicta</strong></span> <span class='ocrx_word' id='word_1_129' title='bbox 1003 2244 1082 2308; x_wconf 67' lang='lat' dir='ltr'><strong>ville</strong></span> <span class='ocrx_word' id='word_1_130' title='bbox 1095 2244 1141 2310; x_wconf 91' lang='lat' dir='ltr'><strong>di.</strong></span> <span class='ocrx_word' id='word_1_131' title='bbox 1157 2245 1182 2331; x_wconf 80' lang='lat' dir='ltr'><strong>j.</strong></span> <span class='ocrx_word' id='word_1_132' title='bbox 1195 2243 1218 2309; x_wconf 86' lang='lat' dir='ltr'><strong>f.</strong></span> <span class='ocrx_word' id='word_1_133' title='bbox 1231 2243 1272 2307; x_wconf 88' lang='lat' dir='ltr'><strong>de</strong></span> <span class='ocrx_word' id='word_1_134' title='bbox 1286 2242 1448 2307; x_wconf 88' lang='lat' dir='ltr'><strong>Willelmo</strong></span> <span class='ocrx_word' id='word_1_135' title='bbox 1464 2242 1596 2307; x_wconf 85' lang='lat' dir='ltr'><strong>Gemun</strong></span> <span class='ocrx_word' id='word_1_136' title='bbox 1663 2264 1747 2309; x_wconf 59' lang='lat' dir='ltr'><strong>xxm.</strong></span> 
     </span>
    </p>
   </div>
   <div class='ocr_carea' id='block_1_7' title="bbox 246 2401 1750 2660">
    <p class='ocr_par' dir='ltr' id='par_1_7' title="bbox 246 2401 1750 2660">
     <span class='ocr_line' id='line_1_14' title="bbox 288 2401 1749 2472; baseline 0.001 -3"><span class='ocrx_word' id='word_1_137' title='bbox 288 2401 545 2469; x_wconf 74' lang='lat' dir='ltr'><strong>Wmnmemm</strong></span> <span class='ocrx_word' id='word_1_138' title='bbox 583 2403 925 2471; x_wconf 64' lang='lat' dir='ltr'><strong>Micui.-J0hannes</strong></span> <span class='ocrx_word' id='word_1_139' title='bbox 962 2404 1122 2470; x_wconf 84' lang='lat' dir='ltr'><strong>Carbunel</strong></span> <span class='ocrx_word' id='word_1_140' title='bbox 1161 2410 1254 2470; x_wconf 86' lang='lat' dir='ltr'><strong>tenet</strong></span> <span class='ocrx_word' id='word_1_141' title='bbox 1290 2405 1337 2470; x_wconf 91' lang='lat' dir='ltr'><strong>di.</strong></span> <span class='ocrx_word' id='word_1_142' title='bbox 1368 2404 1392 2470; x_wconf 84' lang='lat' dir='ltr'><strong>f.</strong></span> <span class='ocrx_word' id='word_1_143' title='bbox 1425 2406 1460 2468; x_wconf 90' lang='lat' dir='ltr'><strong>in</strong></span> <span class='ocrx_word' id='word_1_144' title='bbox 1490 2405 1749 2472; x_wconf 68' lang='lat' dir='ltr'><strong>Wmnmcemm</strong></span> 
     </span>
     <span class='ocr_line' id='line_1_15' title="bbox 246 2487 1750 2574; baseline 0.001 -20"><span class='ocrx_word' id='word_1_145' title='bbox 246 2487 376 2569; x_wconf 69' lang='lat' dir='ltr'><strong>Mitem,</strong></span> <span class='ocrx_word' id='word_1_146' title='bbox 393 2491 477 2574; x_wconf 85' lang='lat' dir='ltr'>quod</span> <span class='ocrx_word' id='word_1_147' title='bbox 493 2492 655 2573; x_wconf 85' lang='lat' dir='ltr'><strong>quondam</strong></span> <span class='ocrx_word' id='word_1_148' title='bbox 671 2490 838 2556; x_wconf 75' lang='lat' dir='ltr'><strong>Gclfriduc</strong></span> <span class='ocrx_word' id='word_1_149' title='bbox 854 2490 1014 2557; x_wconf 80' lang='lat' dir='ltr'><strong>Carbunel</strong></span> <span class='ocrx_word' id='word_1_150' title='bbox 1029 2495 1140 2558; x_wconf 83' lang='lat' dir='ltr'><strong>tenuit</strong></span> <span class='ocrx_word' id='word_1_151' title='bbox 1154 2494 1194 2557; x_wconf 90' lang='lat' dir='ltr'><strong>de</strong></span> <span class='ocrx_word' id='word_1_152' title='bbox 1209 2494 1330 2556; x_wconf 82' lang='lat' dir='ltr'><strong>comite</strong></span> <span class='ocrx_word' id='word_1_153' title='bbox 1346 2492 1505 2573; x_wconf 85' lang='lat' dir='ltr'><strong>Oxhonie,</strong></span> <span class='ocrx_word' id='word_1_154' title='bbox 1521 2500 1555 2555; x_wconf 87' lang='lat' dir='ltr'><strong>et</strong></span> <span class='ocrx_word' id='word_1_155' title='bbox 1576 2514 1684 2557; x_wconf 87' lang='lat' dir='ltr'><strong>comes</strong></span> <span class='ocrx_word' id='word_1_156' title='bbox 1708 2494 1750 2556; x_wconf 91' lang='lat' dir='ltr'><strong>de</strong></span> 
     </span>
     <span class='ocr_line' id='line_1_16' title="bbox 246 2596 1748 2660; baseline 0.003 -32"><span class='ocrx_word' id='word_1_157' title='bbox 246 2596 320 2660; x_wconf 76' lang='lat' dir='ltr'><strong>rege</strong></span> <span class='ocrx_word' id='word_1_158' title='bbox 366 2617 1592 2632; x_wconf 92' lang='lat'>.............</span> <span class='ocrx_word' id='word_1_159' title='bbox 1681 2602 1748 2647; x_wconf 65' lang='grc' dir='ltr'><strong>Μ,</strong></span> 
     </span>
    </p>
   </div>
   <div class='ocr_carea' id='block_1_8' title="bbox 247 2740 1750 3005">
    <p class='ocr_par' dir='ltr' id='par_1_8' title="bbox 247 2740 1750 3005">
     <span class='ocr_line' id='line_1_17' title="bbox 290 2740 1750 2810; baseline 0.001 -6"><span class='ocrx_word' id='word_1_160' title='bbox 290 2740 625 2805; x_wconf 60' lang='lat' dir='ltr'><strong>Boane-wiltona</strong></span> <span class='ocrx_word' id='word_1_161' title='bbox 655 2742 741 2807; x_wconf 80' lang='lat' dir='ltr'><strong>filius</strong></span> <span class='ocrx_word' id='word_1_162' title='bbox 767 2742 925 2807; x_wconf 86' lang='lat' dir='ltr'><strong>Willelmi</strong></span> <span class='ocrx_word' id='word_1_163' title='bbox 952 2747 1042 2807; x_wconf 81' lang='lat' dir='ltr'><strong>tenet</strong></span> <span class='ocrx_word' id='word_1_164' title='bbox 1070 2744 1106 2806; x_wconf 91' lang='lat' dir='ltr'><strong>in</strong></span> <span class='ocrx_word' id='word_1_165' title='bbox 1130 2744 1245 2810; x_wconf 68' lang='lat' dir='ltr'><strong>Buces</strong></span> <span class='ocrx_word' id='word_1_166' title='bbox 1271 2742 1310 2805; x_wconf 87' lang='lat' dir='ltr'><strong>de</strong></span> <span class='ocrx_word' id='word_1_167' title='bbox 1336 2741 1498 2805; x_wconf 89' lang='lat' dir='ltr'><strong>Willelmo</strong></span> <span class='ocrx_word' id='word_1_168' title='bbox 1525 2740 1659 2806; x_wconf 86' lang='lat' dir='ltr'><strong>Gemun</strong></span> <span class='ocrx_word' id='word_1_169' title='bbox 1682 2746 1750 2806; x_wconf 81' lang='lat' dir='ltr'><strong>trec</strong></span> 
     </span>
     <span class='ocr_line' id='line_1_18' title="bbox 248 2827 1748 2914; baseline 0.001 -25"><span class='ocrx_word' id='word_1_170' title='bbox 248 2834 356 2911; x_wconf 80' lang='lat' dir='ltr'><strong>partes</strong></span> <span class='ocrx_word' id='word_1_171' title='bbox 381 2827 422 2891; x_wconf 87' lang='lat' dir='ltr'><strong>de</strong></span> <span class='ocrx_word' id='word_1_172' title='bbox 446 2832 562 2911; x_wconf 81' lang='lat' dir='ltr'><strong>quarta</strong></span> <span class='ocrx_word' id='word_1_173' title='bbox 587 2836 679 2913; x_wconf 80' lang='lat' dir='ltr'><strong>parte</strong></span> <span class='ocrx_word' id='word_1_174' title='bbox 705 2830 728 2896; x_wconf 80' lang='lat' dir='ltr'><strong>f.</strong></span> <span class='ocrx_word' id='word_1_175' title='bbox 746 2853 791 2898; x_wconf 91' lang='lat' dir='ltr'><strong>m.</strong></span> <span class='ocrx_word' id='word_1_176' title='bbox 808 2831 895 2914; x_wconf 89' lang='lat' dir='ltr'>quod</span> <span class='ocrx_word' id='word_1_177' title='bbox 920 2831 1085 2914; x_wconf 86' lang='lat' dir='ltr'><strong>quondam</strong></span> <span class='ocrx_word' id='word_1_178' title='bbox 1101 2830 1285 2893; x_wconf 84' lang='lat' dir='ltr'><strong>Willelmus</strong></span> <span class='ocrx_word' id='word_1_179' title='bbox 1313 2829 1400 2892; x_wconf 80' lang='lat' dir='ltr'><strong>filius</strong></span> <span class='ocrx_word' id='word_1_180' title='bbox 1416 2828 1553 2893; x_wconf 83' lang='lat' dir='ltr'><strong>Walteri</strong></span> <span class='ocrx_word' id='word_1_181' title='bbox 1577 2831 1688 2893; x_wconf 88' lang='lat' dir='ltr'><strong>tenuit</strong></span> <span class='ocrx_word' id='word_1_182' title='bbox 1714 2832 1748 2893; x_wconf 91' lang='lat' dir='ltr'><strong>in</strong></span> 
     </span>
     <span class='ocr_line' id='line_1_19' title="bbox 247 2915 1749 3005; baseline 0.003 -27"><span class='ocrx_word' id='word_1_183' title='bbox 247 2915 389 2999; x_wconf 81' lang='lat' dir='ltr'><strong>predicte</strong></span> <span class='ocrx_word' id='word_1_184' title='bbox 405 2915 483 2978; x_wconf 83' lang='lat' dir='ltr'><strong>villa</strong></span> <span class='ocrx_word' id='word_1_185' title='bbox 497 2916 538 2980; x_wconf 89' lang='lat' dir='ltr'><strong>de</strong></span> <span class='ocrx_word' id='word_1_186' title='bbox 552 2916 642 2981; x_wconf 86' lang='lat' dir='ltr'><strong>dicto</strong></span> <span class='ocrx_word' id='word_1_187' title='bbox 659 2918 823 2983; x_wconf 84' lang='lat' dir='ltr'><strong>Willelmo</strong></span> <span class='ocrx_word' id='word_1_188' title='bbox 871 2957 1490 2970; x_wconf 91' lang='lat'>-------</span> <span class='ocrx_word' id='word_1_189' title='bbox 1558 2916 1602 3004; x_wconf 84' lang='lat' dir='ltr'><strong>vij</strong></span> <span class='ocrx_word' id='word_1_190' title='bbox 1608 2940 1648 2983; x_wconf 77' lang='lat' dir='ltr'><strong>.e.</strong></span> <span class='ocrx_word' id='word_1_191' title='bbox 1664 2918 1749 3005; x_wconf 57' lang='lat' dir='ltr'><strong>vid.</strong></span> 
     </span>
    </p>
   </div>
   <div class='ocr_carea' id='block_1_9' title="bbox 248 3078 1750 3252">
    <p class='ocr_par' dir='ltr' id='par_1_9' title="bbox 248 3078 1750 3252">
     <span class='ocr_line' id='line_1_20' title="bbox 291 3078 1750 3166; baseline 0.002 -21"><span class='ocrx_word' id='word_1_192' title='bbox 291 3078 663 3163; x_wconf 56' lang='lat' dir='ltr'><strong>mmmmm-Ham</strong></span> <span class='ocrx_word' id='word_1_193' title='bbox 691 3083 722 3145; x_wconf 87' lang='lat' dir='ltr'><strong>le</strong></span> <span class='ocrx_word' id='word_1_194' title='bbox 751 3080 831 3145; x_wconf 86' lang='lat' dir='ltr'><strong>Veer</strong></span> <span class='ocrx_word' id='word_1_195' title='bbox 860 3086 954 3145; x_wconf 82' lang='lat' dir='ltr'><strong>tenet</strong></span> <span class='ocrx_word' id='word_1_196' title='bbox 983 3082 1018 3145; x_wconf 90' lang='lat' dir='ltr'><strong>in</strong></span> <span class='ocrx_word' id='word_1_197' title='bbox 1048 3082 1235 3147; x_wconf 73' lang='lat' dir='ltr'><strong>Limum</strong></span> <span class='ocrx_word' id='word_1_198' title='bbox 1265 3082 1311 3144; x_wconf 90' lang='lat' dir='ltr'><strong>di.</strong></span> <span class='ocrx_word' id='word_1_199' title='bbox 1337 3080 1362 3145; x_wconf 84' lang='lat' dir='ltr'><strong>f.</strong></span> <span class='ocrx_word' id='word_1_200' title='bbox 1394 3102 1439 3147; x_wconf 89' lang='lat' dir='ltr'><strong>m.</strong></span> <span class='ocrx_word' id='word_1_201' title='bbox 1471 3081 1555 3164; x_wconf 89' lang='lat' dir='ltr'>quod</span> <span class='ocrx_word' id='word_1_202' title='bbox 1586 3083 1750 3166; x_wconf 86' lang='lat' dir='ltr'><strong>quondam</strong></span> 
     </span>
     <span class='ocr_line' id='line_1_21' title="bbox 248 3166 1749 3252; baseline 0.006 -25"><span class='ocrx_word' id='word_1_203' title='bbox 248 3166 432 3231; x_wconf 80' lang='lat' dir='ltr'><strong>Willelmus</strong></span> <span class='ocrx_word' id='word_1_204' title='bbox 446 3167 488 3230; x_wconf 88' lang='lat' dir='ltr'><strong>de</strong></span> <span class='ocrx_word' id='word_1_205' title='bbox 504 3167 718 3248; x_wconf 84' lang='lat' dir='ltr'><strong>Leve(n)hem</strong></span> <span class='ocrx_word' id='word_1_206' title='bbox 733 3168 842 3233; x_wconf 85' lang='lat' dir='ltr'><strong>tenuit</strong></span> <span class='ocrx_word' id='word_1_207' title='bbox 857 3169 897 3232; x_wconf 91' lang='lat' dir='ltr'><strong>de</strong></span> <span class='ocrx_word' id='word_1_208' title='bbox 911 3171 1031 3233; x_wconf 89' lang='lat' dir='ltr'><strong>comite</strong></span> <span class='ocrx_word' id='word_1_209' title='bbox 1047 3166 1207 3247; x_wconf 85' lang='lat' dir='ltr'><strong>Oxhonie,</strong></span> <span class='ocrx_word' id='word_1_210' title='bbox 1222 3173 1254 3233; x_wconf 87' lang='lat' dir='ltr'><strong>et</strong></span> <span class='ocrx_word' id='word_1_211' title='bbox 1270 3188 1378 3231; x_wconf 86' lang='lat' dir='ltr'><strong>comes</strong></span> <span class='ocrx_word' id='word_1_212' title='bbox 1392 3167 1434 3231; x_wconf 90' lang='lat' dir='ltr'><strong>de</strong></span> <span class='ocrx_word' id='word_1_213' title='bbox 1451 3188 1528 3252; x_wconf 84' lang='lat' dir='ltr'><strong>rege</strong></span> <span class='ocrx_word' id='word_1_214' title='bbox 1585 3209 1596 3221; x_wconf 93' lang='lat'><em>-</em></span> <span class='ocrx_word' id='word_1_215' title='bbox 1663 3193 1714 3236; x_wconf 80' lang='lat' dir='ltr'><strong>xx.</strong></span> <span class='ocrx_word' id='word_1_216' title='bbox 1723 3192 1749 3237; x_wconf 79' lang='grc' dir='ltr'><strong>ε.</strong></span> 
     </span>
    </p>
   </div>
   <div class='ocr_carea' id='block_1_10' title="bbox 248 3330 1753 3663">
    <p class='ocr_par' dir='ltr' id='par_1_10' title="bbox 248 3330 1753 3593">
     <span class='ocr_line' id='line_1_22' title="bbox 293 3330 1752 3415; baseline -0.001 -17"><span class='ocrx_word' id='word_1_217' title='bbox 293 3330 718 3398; x_wconf 57' lang='lat' dir='ltr'><strong>&amp;mmmmm—Thomas</strong></span> <span class='ocrx_word' id='word_1_218' title='bbox 744 3332 784 3396; x_wconf 88' lang='lat' dir='ltr'><strong>de</strong></span> <span class='ocrx_word' id='word_1_219' title='bbox 812 3331 903 3415; x_wconf 82' lang='lat' dir='ltr'><strong>They</strong></span> <span class='ocrx_word' id='word_1_220' title='bbox 932 3334 1001 3411; x_wconf 75' lang='lat' dir='ltr'><strong>(cic)</strong></span> <span class='ocrx_word' id='word_1_221' title='bbox 1029 3332 1188 3396; x_wconf 79' lang='lat' dir='ltr'><strong>Ricarduc</strong></span> <span class='ocrx_word' id='word_1_222' title='bbox 1212 3332 1318 3415; x_wconf 79' lang='lat' dir='ltr'><strong>Aylis,</strong></span> <span class='ocrx_word' id='word_1_223' title='bbox 1340 3331 1428 3396; x_wconf 86' lang='lat' dir='ltr'><strong>Goce</strong></span> <span class='ocrx_word' id='word_1_224' title='bbox 1457 3331 1561 3411; x_wconf 78' lang='lat' dir='ltr'><strong>Belle,</strong></span> <span class='ocrx_word' id='word_1_225' title='bbox 1589 3333 1752 3399; x_wconf 83' lang='lat' dir='ltr'><strong>Waltems</strong></span> 
     </span>
     <span class='ocr_line' id='line_1_23' title="bbox 250 3416 1753 3504; baseline 0.007 -25"><span class='ocrx_word' id='word_1_226' title='bbox 250 3416 516 3495; x_wconf 80' lang='lat' dir='ltr'><strong>Molendinerius‚</strong></span> <span class='ocrx_word' id='word_1_227' title='bbox 553 3417 754 3504; x_wconf 69' lang='lat' dir='ltr'><strong>Reginaldue</strong></span> <span class='ocrx_word' id='word_1_228' title='bbox 793 3419 923 3504; x_wconf 80' lang='lat' dir='ltr'><strong>Wygcr,</strong></span> <span class='ocrx_word' id='word_1_229' title='bbox 953 3419 1119 3484; x_wconf 72' lang='lat' dir='ltr'><strong>Walterus</strong></span> <span class='ocrx_word' id='word_1_230' title='bbox 1156 3417 1262 3482; x_wconf 76' lang='lat' dir='ltr'><strong>Faber</strong></span> <span class='ocrx_word' id='word_1_231' title='bbox 1298 3423 1413 3483; x_wconf 85' lang='lat' dir='ltr'><strong>tenent</strong></span> <span class='ocrx_word' id='word_1_232' title='bbox 1452 3420 1488 3482; x_wconf 90' lang='lat' dir='ltr'><strong>in</strong></span> <span class='ocrx_word' id='word_1_233' title='bbox 1526 3420 1753 3489; x_wconf 70' lang='lat' dir='ltr'><strong>Gccmsrocn</strong></span> 
     </span>
     <span class='ocr_line' id='line_1_24' title="bbox 248 3504 1677 3593; baseline 0.004 -25"><span class='ocrx_word' id='word_1_234' title='bbox 248 3511 399 3587; x_wconf 77' lang='lat' dir='ltr'><strong>quartem</strong></span> <span class='ocrx_word' id='word_1_235' title='bbox 414 3511 542 3589; x_wconf 79' lang='lat' dir='ltr'><strong>partem</strong></span> <span class='ocrx_word' id='word_1_236' title='bbox 557 3506 579 3571; x_wconf 83' lang='lat' dir='ltr'><strong>f.</strong></span> <span class='ocrx_word' id='word_1_237' title='bbox 596 3527 641 3572; x_wconf 91' lang='lat' dir='ltr'><strong>m.</strong></span> <span class='ocrx_word' id='word_1_238' title='bbox 658 3507 699 3570; x_wconf 91' lang='lat' dir='ltr'><strong>de</strong></span> <span class='ocrx_word' id='word_1_239' title='bbox 714 3506 853 3592; x_wconf 79' lang='lat' dir='ltr'>Hugone</span> <span class='ocrx_word' id='word_1_240' title='bbox 869 3504 1016 3587; x_wconf 83' lang='lat' dir='ltr'><strong>Peverel,</strong></span> <span class='ocrx_word' id='word_1_241' title='bbox 1031 3512 1066 3571; x_wconf 83' lang='lat' dir='ltr'><strong>et</strong></span> <span class='ocrx_word' id='word_1_242' title='bbox 1081 3506 1180 3592; x_wconf 83' lang='lat' dir='ltr'>Hugo</span> <span class='ocrx_word' id='word_1_243' title='bbox 1196 3506 1237 3570; x_wconf 92' lang='lat' dir='ltr'><strong>de</strong></span> <span class='ocrx_word' id='word_1_244' title='bbox 1251 3507 1369 3570; x_wconf 85' lang='lat' dir='ltr'><strong>honore</strong></span> <span class='ocrx_word' id='word_1_245' title='bbox 1385 3505 1518 3571; x_wconf 87' lang='lat' dir='ltr'><strong>Peverel</strong></span> <span class='ocrx_word' id='word_1_246' title='bbox 1531 3509 1573 3572; x_wconf 89' lang='lat' dir='ltr'><strong>de</strong></span> <span class='ocrx_word' id='word_1_247' title='bbox 1589 3528 1677 3593; x_wconf 79' lang='lat' dir='ltr'><strong>rege.</strong></span> 
     </span>
    </p>

    <p class='ocr_par' dir='ltr' id='par_1_11' title="bbox 1684 3618 1750 3663">
     <span class='ocr_line' id='line_1_25' title="bbox 1684 3618 1750 3663; baseline 0 0"><span class='ocrx_word' id='word_1_248' title='bbox 1684 3618 1750 3663; x_wconf 60' lang='lat' dir='ltr'><strong>xa.</strong></span> 
     </span>
    </p>
   </div>
   <div class='ocr_carea' id='block_1_11' title="bbox 250 3753 1753 4014">
    <p class='ocr_par' dir='ltr' id='par_1_12' title="bbox 250 3753 1753 4014">
     <span class='ocr_line' id='line_1_26' title="bbox 293 3753 1753 3833; baseline 0 -12"><span class='ocrx_word' id='word_1_249' title='bbox 293 3754 748 3823; x_wconf 68' lang='lat' dir='ltr'><strong>Givcnmmnc-Johannes</strong></span> <span class='ocrx_word' id='word_1_250' title='bbox 777 3754 915 3833; x_wconf 87' lang='lat' dir='ltr'><strong>Pecche,</strong></span> <span class='ocrx_word' id='word_1_251' title='bbox 939 3760 973 3819; x_wconf 86' lang='lat' dir='ltr'><strong>et</strong></span> <span class='ocrx_word' id='word_1_252' title='bbox 999 3755 1104 3818; x_wconf 75' lang='lat' dir='ltr'><strong>Adam</strong></span> <span class='ocrx_word' id='word_1_253' title='bbox 1133 3754 1175 3818; x_wconf 87' lang='lat' dir='ltr'><strong>de</strong></span> <span class='ocrx_word' id='word_1_254' title='bbox 1205 3753 1363 3818; x_wconf 86' lang='lat' dir='ltr'><strong>Greinton</strong></span> <span class='ocrx_word' id='word_1_255' title='bbox 1395 3758 1511 3819; x_wconf 87' lang='lat' dir='ltr'><strong>tenent</strong></span> <span class='ocrx_word' id='word_1_256' title='bbox 1540 3757 1575 3818; x_wconf 91' lang='lat' dir='ltr'><strong>in</strong></span> <span class='ocrx_word' id='word_1_257' title='bbox 1606 3756 1684 3819; x_wconf 78' lang='lat' dir='ltr'><strong>ville</strong></span> <span class='ocrx_word' id='word_1_258' title='bbox 1713 3758 1753 3821; x_wconf 93' lang='lat' dir='ltr'><strong>de</strong></span> 
     </span>
     <span class='ocr_line' id='line_1_27' title="bbox 250 3839 1753 3926; baseline -0.001 -17"><span class='ocrx_word' id='word_1_259' title='bbox 250 3842 481 3911; x_wconf 67' lang='lat' dir='ltr'><strong>Ccvcuemcns</strong></span> <span class='ocrx_word' id='word_1_260' title='bbox 505 3846 657 3926; x_wconf 77' lang='lat' dir='ltr'><strong>quartem</strong></span> <span class='ocrx_word' id='word_1_261' title='bbox 681 3846 810 3926; x_wconf 85' lang='lat' dir='ltr'><strong>partem</strong></span> <span class='ocrx_word' id='word_1_262' title='bbox 835 3843 859 3909; x_wconf 80' lang='lat' dir='ltr'><strong>f.</strong></span> <span class='ocrx_word' id='word_1_263' title='bbox 876 3864 921 3909; x_wconf 91' lang='lat' dir='ltr'><strong>m.</strong></span> <span class='ocrx_word' id='word_1_264' title='bbox 936 3843 976 3907; x_wconf 88' lang='lat' dir='ltr'><strong>de</strong></span> <span class='ocrx_word' id='word_1_265' title='bbox 1002 3842 1101 3906; x_wconf 81' lang='lat' dir='ltr'><strong>Petro</strong></span> <span class='ocrx_word' id='word_1_266' title='bbox 1115 3842 1156 3906; x_wconf 89' lang='lat' dir='ltr'><strong>de</strong></span> <span class='ocrx_word' id='word_1_267' title='bbox 1170 3839 1382 3921; x_wconf 81' lang='lat' dir='ltr'><strong>Teleworthe‚</strong></span> <span class='ocrx_word' id='word_1_268' title='bbox 1398 3848 1434 3905; x_wconf 89' lang='lat' dir='ltr'><strong>et</strong></span> <span class='ocrx_word' id='word_1_269' title='bbox 1447 3842 1557 3906; x_wconf 74' lang='lat' dir='ltr'><strong>dictus</strong></span> <span class='ocrx_word' id='word_1_270' title='bbox 1578 3843 1698 3908; x_wconf 78' lang='lat' dir='ltr'><strong>Petrus</strong></span> <span class='ocrx_word' id='word_1_271' title='bbox 1712 3846 1753 3908; x_wconf 91' lang='lat' dir='ltr'><strong>de</strong></span> 
     </span>
     <span class='ocr_line' id='line_1_28' title="bbox 250 3928 1753 4014; baseline 0.005 -22"><span class='ocrx_word' id='word_1_272' title='bbox 250 3932 370 3994; x_wconf 81' lang='lat' dir='ltr'><strong>comite</strong></span> <span class='ocrx_word' id='word_1_273' title='bbox 385 3929 573 4010; x_wconf 86' lang='lat' dir='ltr'><strong>Glovemie,</strong></span> <span class='ocrx_word' id='word_1_274' title='bbox 588 3929 673 4014; x_wconf 92' lang='lat' dir='ltr'>quod</span> <span class='ocrx_word' id='word_1_275' title='bbox 688 3929 853 4013; x_wconf 76' lang='lat' dir='ltr'><strong>quondam</strong></span> <span class='ocrx_word' id='word_1_276' title='bbox 870 3929 1028 3994; x_wconf 82' lang='lat' dir='ltr'><strong>Robertus</strong></span> <span class='ocrx_word' id='word_1_277' title='bbox 1043 3929 1082 3993; x_wconf 90' lang='lat' dir='ltr'><strong>de</strong></span> <span class='ocrx_word' id='word_1_278' title='bbox 1097 3928 1216 3993; x_wconf 83' lang='lat' dir='ltr'><strong>Sancto</strong></span> <span class='ocrx_word' id='word_1_279' title='bbox 1231 3928 1398 3995; x_wconf 82' lang='lat' dir='ltr'><strong>Germano</strong></span> <span class='ocrx_word' id='word_1_280' title='bbox 1411 3932 1522 3993; x_wconf 85' lang='lat' dir='ltr'><strong>tenuit</strong></span> <span class='ocrx_word' id='word_1_281' title='bbox 1588 3970 1619 4002; x_wconf 80' lang='grc'><strong>-,</strong></span> <span class='ocrx_word' id='word_1_282' title='bbox 1689 3951 1753 3999; x_wconf 70' lang='grc' dir='ltr'><strong>Μ.</strong></span> 
     </span>
    </p>
   </div>
   <div class='ocr_carea' id='block_1_12' title="bbox 250 4090 1754 4353">
    <p class='ocr_par' dir='ltr' id='par_1_13' title="bbox 250 4090 1754 4353">
     <span class='ocr_line' id='line_1_29' title="bbox 293 4090 1754 4183; baseline 0.001 -27"><span class='ocrx_word' id='word_1_283' title='bbox 293 4093 436 4177; x_wconf 82' lang='lat' dir='ltr'><strong>Rogerus</strong></span> <span class='ocrx_word' id='word_1_284' title='bbox 461 4093 501 4157; x_wconf 85' lang='lat' dir='ltr'><strong>de</strong></span> <span class='ocrx_word' id='word_1_285' title='bbox 526 4090 677 4156; x_wconf 82' lang='lat' dir='ltr'><strong>Cokevile</strong></span> <span class='ocrx_word' id='word_1_286' title='bbox 703 4096 797 4157; x_wconf 87' lang='lat' dir='ltr'><strong>tenet</strong></span> <span class='ocrx_word' id='word_1_287' title='bbox 821 4096 971 4183; x_wconf 69' lang='lat' dir='ltr'><strong>quertam</strong></span> <span class='ocrx_word' id='word_1_288' title='bbox 998 4095 1124 4176; x_wconf 74' lang='lat' dir='ltr'><strong>partem</strong></span> <span class='ocrx_word' id='word_1_289' title='bbox 1147 4092 1171 4155; x_wconf 80' lang='lat' dir='ltr'><strong>f.</strong></span> <span class='ocrx_word' id='word_1_290' title='bbox 1187 4112 1233 4157; x_wconf 89' lang='lat' dir='ltr'><strong>m.</strong></span> <span class='ocrx_word' id='word_1_291' title='bbox 1259 4092 1294 4154; x_wconf 90' lang='lat' dir='ltr'><strong>in</strong></span> <span class='ocrx_word' id='word_1_292' title='bbox 1320 4091 1411 4154; x_wconf 77' lang='lat' dir='ltr'><strong>dicte</strong></span> <span class='ocrx_word' id='word_1_293' title='bbox 1434 4092 1512 4158; x_wconf 85' lang='lat' dir='ltr'><strong>villa</strong></span> <span class='ocrx_word' id='word_1_294' title='bbox 1538 4094 1580 4157; x_wconf 93' lang='lat' dir='ltr'><strong>de</strong></span> <span class='ocrx_word' id='word_1_295' title='bbox 1610 4093 1754 4158; x_wconf 75' lang='lat' dir='ltr'><strong>Henricc</strong></span> 
     </span>
     <span class='ocr_line' id='line_1_30' title="bbox 250 4178 1754 4353; baseline 0.001 -110"><span class='ocrx_word' id='word_1_296' title='bbox 250 4178 479 4353; x_wconf 40' lang='lat' dir='ltr'><strong>gandkyenngesyeieet</strong></span> <span class='ocrx_word' id='word_1_297' title='bbox 494 4180 602 4245; x_wconf 84' lang='lat' dir='ltr'><strong>dictus</strong></span> <span class='ocrx_word' id='word_1_298' title='bbox 617 4178 780 4243; x_wconf 87' lang='lat' dir='ltr'><strong>Henricus</strong></span> <span class='ocrx_word' id='word_1_299' title='bbox 794 4184 888 4244; x_wconf 88' lang='lat' dir='ltr'><strong>tenet</strong></span> <span class='ocrx_word' id='word_1_300' title='bbox 902 4179 942 4243; x_wconf 89' lang='lat' dir='ltr'><strong>de</strong></span> <span class='ocrx_word' id='word_1_301' title='bbox 965 4179 1100 4243; x_wconf 77' lang='lat' dir='ltr'><strong>baronia</strong></span> <span class='ocrx_word' id='word_1_302' title='bbox 1120 4179 1161 4243; x_wconf 84' lang='lat' dir='ltr'><strong>de</strong></span> <span class='ocrx_word' id='word_1_303' title='bbox 1177 4180 1320 4263; x_wconf 82' lang='lat' dir='ltr'><strong>Limeey‚</strong></span> <span class='ocrx_word' id='word_1_304' title='bbox 1333 4178 1457 4244; x_wconf 82' lang='lat' dir='ltr'><strong>scilicet</strong></span> <span class='ocrx_word' id='word_1_305' title='bbox 1484 4180 1525 4245; x_wconf 86' lang='lat' dir='ltr'><strong>de</strong></span> <span class='ocrx_word' id='word_1_306' title='bbox 1549 4180 1690 4267; x_wconf 81' lang='lat' dir='ltr'><strong>Hugone</strong></span> <span class='ocrx_word' id='word_1_307' title='bbox 1713 4180 1754 4245; x_wconf 88' lang='lat' dir='ltr'><strong>de</strong></span> 
     </span>
    </p>
   </div>
   <div class='ocr_carea' id='block_1_13' title="bbox 251 4427 1756 4689">
    <p class='ocr_par' dir='ltr' id='par_1_14' title="bbox 251 4427 1756 4689">
     <span class='ocr_line' id='line_1_31' title="bbox 294 4427 1756 4517; baseline -0.005 -21"><span class='ocrx_word' id='word_1_308' title='bbox 294 4432 393 4496; x_wconf 82' lang='lat' dir='ltr'><strong>Miles</strong></span> <span class='ocrx_word' id='word_1_309' title='bbox 416 4430 457 4496; x_wconf 91' lang='lat' dir='ltr'><strong>de</strong></span> <span class='ocrx_word' id='word_1_310' title='bbox 482 4432 670 4515; x_wconf 76' lang='lat' dir='ltr'><strong>Hactyngee</strong></span> <span class='ocrx_word' id='word_1_311' title='bbox 694 4434 787 4495; x_wconf 88' lang='lat' dir='ltr'><strong>tenet</strong></span> <span class='ocrx_word' id='word_1_312' title='bbox 811 4430 853 4495; x_wconf 88' lang='lat' dir='ltr'><strong>de</strong></span> <span class='ocrx_word' id='word_1_313' title='bbox 878 4429 1031 4496; x_wconf 81' lang='lat' dir='ltr'><strong>Johanne</strong></span> <span class='ocrx_word' id='word_1_314' title='bbox 1046 4430 1087 4494; x_wconf 87' lang='lat' dir='ltr'><strong>de</strong></span> <span class='ocrx_word' id='word_1_315' title='bbox 1101 4430 1292 4517; x_wconf 80' lang='lat' dir='ltr'><strong>Hastyngee</strong></span> <span class='ocrx_word' id='word_1_316' title='bbox 1307 4431 1352 4496; x_wconf 90' lang='lat' dir='ltr'><strong>di.</strong></span> <span class='ocrx_word' id='word_1_317' title='bbox 1369 4433 1499 4513; x_wconf 79' lang='lat' dir='ltr'><strong>partem</strong></span> <span class='ocrx_word' id='word_1_318' title='bbox 1514 4428 1538 4493; x_wconf 85' lang='lat' dir='ltr'><strong>f.</strong></span> <span class='ocrx_word' id='word_1_319' title='bbox 1555 4448 1601 4493; x_wconf 89' lang='lat' dir='ltr'><strong>m.</strong></span> <span class='ocrx_word' id='word_1_320' title='bbox 1615 4428 1651 4490; x_wconf 91' lang='lat' dir='ltr'><strong>in</strong></span> <span class='ocrx_word' id='word_1_321' title='bbox 1665 4427 1756 4490; x_wconf 81' lang='lat' dir='ltr'><strong>dicta</strong></span> 
     </span>
     <span class='ocr_line' id='line_1_32' title="bbox 252 4515 1755 4603; baseline -0.003 -21"><span class='ocrx_word' id='word_1_322' title='bbox 252 4519 327 4583; x_wconf 83' lang='lat' dir='ltr'><strong>villa</strong></span> <span class='ocrx_word' id='word_1_323' title='bbox 341 4526 375 4584; x_wconf 87' lang='lat' dir='ltr'><strong>et</strong></span> <span class='ocrx_word' id='word_1_324' title='bbox 390 4519 499 4583; x_wconf 85' lang='lat' dir='ltr'><strong>dictus</strong></span> <span class='ocrx_word' id='word_1_325' title='bbox 513 4518 680 4582; x_wconf 69' lang='lat' dir='ltr'><strong>iohannes</strong></span> <span class='ocrx_word' id='word_1_326' title='bbox 695 4523 787 4583; x_wconf 87' lang='lat' dir='ltr'><strong>tenet</strong></span> <span class='ocrx_word' id='word_1_327' title='bbox 802 4518 843 4583; x_wconf 88' lang='lat' dir='ltr'><strong>de</strong></span> <span class='ocrx_word' id='word_1_328' title='bbox 859 4518 1000 4603; x_wconf 85' lang='lat' dir='ltr'><strong>Hugone</strong></span> <span class='ocrx_word' id='word_1_329' title='bbox 1015 4518 1056 4581; x_wconf 90' lang='lat' dir='ltr'><strong>de</strong></span> <span class='ocrx_word' id='word_1_330' title='bbox 1071 4517 1310 4603; x_wconf 76' lang='lat' dir='ltr'><strong>Oddyngeeele‚</strong></span> <span class='ocrx_word' id='word_1_331' title='bbox 1325 4525 1360 4583; x_wconf 86' lang='lat' dir='ltr'><strong>et</strong></span> <span class='ocrx_word' id='word_1_332' title='bbox 1374 4519 1483 4581; x_wconf 79' lang='lat' dir='ltr'><strong>dictus</strong></span> <span class='ocrx_word' id='word_1_333' title='bbox 1510 4515 1610 4601; x_wconf 85' lang='lat' dir='ltr'>Hugo</span> <span class='ocrx_word' id='word_1_334' title='bbox 1624 4515 1665 4578; x_wconf 86' lang='lat' dir='ltr'><strong>de</strong></span> <span class='ocrx_word' id='word_1_335' title='bbox 1678 4534 1755 4599; x_wconf 81' lang='lat' dir='ltr'><strong>rege</strong></span> 
     </span>
     <span class='ocr_line' id='line_1_33' title="bbox 251 4606 1752 4689; baseline -0.002 -20"><span class='ocrx_word' id='word_1_336' title='bbox 251 4608 285 4669; x_wconf 89' lang='lat' dir='ltr'><strong>in</strong></span> <span class='ocrx_word' id='word_1_337' title='bbox 301 4606 434 4671; x_wconf 86' lang='lat' dir='ltr'><strong>beronie</strong></span> <span class='ocrx_word' id='word_1_338' title='bbox 448 4607 489 4669; x_wconf 86' lang='lat' dir='ltr'><strong>de</strong></span> <span class='ocrx_word' id='word_1_339' title='bbox 504 4606 634 4689; x_wconf 84' lang='lat' dir='ltr'><strong>Limesy</strong></span> <span class='ocrx_word' id='word_1_340' title='bbox 671 4641 1597 4657; x_wconf 91' lang='lat'>----------</span> <span class='ocrx_word' id='word_1_341' title='bbox 1665 4623 1752 4667; x_wconf 60' lang='lat' dir='ltr'><strong>xxm.</strong></span> 
     </span>
    </p>
   </div>
   <div class='ocr_carea' id='block_1_14' title="bbox 253 4756 1756 5014">
    <p class='ocr_par' dir='ltr' id='par_1_15' title="bbox 253 4756 1756 5014">
     <span class='ocr_line' id='line_1_34' title="bbox 296 4756 1756 4827; baseline -0.005 -1"><span class='ocrx_word' id='word_1_342' title='bbox 296 4760 663 4827; x_wconf 61' lang='lat' dir='ltr'><strong>Haerentem-Adam</strong></span> <span class='ocrx_word' id='word_1_343' title='bbox 688 4756 833 4822; x_wconf 82' lang='lat' dir='ltr'><strong>Bernerd</strong></span> <span class='ocrx_word' id='word_1_344' title='bbox 858 4762 894 4823; x_wconf 86' lang='lat' dir='ltr'><strong>et</strong></span> <span class='ocrx_word' id='word_1_345' title='bbox 920 4759 971 4821; x_wconf 83' lang='lat' dir='ltr'><strong>sui</strong></span> <span class='ocrx_word' id='word_1_346' title='bbox 999 4762 1149 4823; x_wconf 82' lang='lat' dir='ltr'><strong>tenentes</strong></span> <span class='ocrx_word' id='word_1_347' title='bbox 1178 4761 1295 4822; x_wconf 85' lang='lat' dir='ltr'><strong>tenent</strong></span> <span class='ocrx_word' id='word_1_348' title='bbox 1320 4758 1356 4821; x_wconf 88' lang='lat' dir='ltr'><strong>in</strong></span> <span class='ocrx_word' id='word_1_349' title='bbox 1383 4758 1462 4821; x_wconf 81' lang='lat' dir='ltr'><strong>villa</strong></span> <span class='ocrx_word' id='word_1_350' title='bbox 1484 4756 1526 4820; x_wconf 88' lang='lat' dir='ltr'><strong>de</strong></span> <span class='ocrx_word' id='word_1_351' title='bbox 1550 4756 1756 4821; x_wconf 66' lang='lat' dir='ltr'><strong>Hennensi</strong></span> 
     </span>
     <span class='ocr_line' id='line_1_35' title="bbox 254 4842 1756 4930; baseline -0.004 -21"><span class='ocrx_word' id='word_1_352' title='bbox 254 4856 378 4911; x_wconf 84' lang='lat' dir='ltr'><strong>sextam</strong></span> <span class='ocrx_word' id='word_1_353' title='bbox 402 4852 529 4930; x_wconf 79' lang='lat' dir='ltr'><strong>partem</strong></span> <span class='ocrx_word' id='word_1_354' title='bbox 555 4846 578 4912; x_wconf 86' lang='lat' dir='ltr'><strong>i.</strong></span> <span class='ocrx_word' id='word_1_355' title='bbox 594 4868 639 4913; x_wconf 90' lang='lat' dir='ltr'><strong>m.</strong></span> <span class='ocrx_word' id='word_1_356' title='bbox 656 4846 696 4910; x_wconf 85' lang='lat' dir='ltr'><strong>dc</strong></span> <span class='ocrx_word' id='word_1_357' title='bbox 721 4843 871 4909; x_wconf 79' lang='lat' dir='ltr'><strong>Johenne</strong></span> <span class='ocrx_word' id='word_1_358' title='bbox 895 4843 1029 4921; x_wconf 62' lang='lat' dir='ltr'><strong>Semel,</strong></span> <span class='ocrx_word' id='word_1_359' title='bbox 1043 4852 1077 4907; x_wconf 90' lang='lat' dir='ltr'><strong>et</strong></span> <span class='ocrx_word' id='word_1_360' title='bbox 1100 4844 1208 4909; x_wconf 76' lang='lat' dir='ltr'><strong>dictus</strong></span> <span class='ocrx_word' id='word_1_361' title='bbox 1234 4842 1401 4908; x_wconf 82' lang='lat' dir='ltr'><strong>Johennee</strong></span> <span class='ocrx_word' id='word_1_362' title='bbox 1428 4847 1521 4908; x_wconf 87' lang='lat' dir='ltr'><strong>tenet</strong></span> <span class='ocrx_word' id='word_1_363' title='bbox 1545 4842 1588 4905; x_wconf 88' lang='lat' dir='ltr'><strong>de</strong></span> <span class='ocrx_word' id='word_1_364' title='bbox 1614 4862 1691 4925; x_wconf 80' lang='lat' dir='ltr'><strong>rege</strong></span> <span class='ocrx_word' id='word_1_365' title='bbox 1714 4842 1756 4903; x_wconf 90' lang='lat' dir='ltr'><strong>de</strong></span> 
     </span>
     <span class='ocr_line' id='line_1_36' title="bbox 253 4927 1754 5014; baseline -0.002 -20"><span class='ocrx_word' id='word_1_366' title='bbox 253 4936 346 4997; x_wconf 67' lang='lat' dir='ltr'><strong>feodo</strong></span> <span class='ocrx_word' id='word_1_367' title='bbox 361 4934 402 4998; x_wconf 89' lang='lat' dir='ltr'><strong>de</strong></span> <span class='ocrx_word' id='word_1_368' title='bbox 417 4934 554 4997; x_wconf 80' lang='lat' dir='ltr'><strong>Delhem</strong></span> <span class='ocrx_word' id='word_1_369' title='bbox 579 4970 1501 4985; x_wconf 89' lang='lat'><strong>----------</strong></span> <span class='ocrx_word' id='word_1_370' title='bbox 1552 4930 1630 5014; x_wconf 77' lang='lat' dir='ltr'><strong>vj.e.</strong></span> <span class='ocrx_word' id='word_1_371' title='bbox 1647 4927 1754 5012; x_wconf 74' lang='lat' dir='ltr'><strong>viiij.</strong></span> 
     </span>
    </p>
   </div>
   <div class='ocr_carea' id='block_1_15' title="bbox 767 5230 1249 5241">
    <p class='ocr_par' dir='ltr' id='par_1_16' title="bbox 767 5230 1249 5241">
     <span class='ocr_line' id='line_1_37' title="bbox 767 5230 1249 5241; baseline -0.004 0"><span class='ocrx_word' id='word_1_372' title='bbox 767 5230 1249 5241; x_wconf 50' lang='lat' dir='ltr'><strong>——m-</strong></span> 
     </span>
    </p>
   </div>
   <div class='ocr_carea' id='block_1_16' title="bbox 0 0 2064 6116">
    <p class='ocr_par' dir='ltr' id='par_1_17' title="bbox 0 0 2064 6116">
     <span class='ocr_line' id='line_1_38' title="bbox 0 0 2064 6116; baseline 0 0"><span class='ocrx_word' id='word_1_373' title='bbox 0 0 2064 6116; x_wconf 95' lang='lat' dir='ltr'><strong> </strong></span> 
     </span>
    </p>
   </div>
  </div>
 </body>
</html>
