4092 6117
298 590 362 664 214
912 587 1184 662 WIL'PSHIRE.

343 884 484 949 Thomas
500 886 540 950 de
555 885 675 950 Scuctc
689 886 808 972 Vigore
823 887 943 966 tenuit,
958 887 1051 950 cuuis
1066 884 1223 968 predictis
1237 885 1282 948 di.
1298 884 1322 948 f.
1337 884 1374 946 in
1391 882 1519 959 Srowu,
1536 885 1571 944 et
1593 899 1682 942 nuuc
1707 882 1801 942 tenet

300 971 461 1040 liebertus
475 973 516 1038 de
531 972 753 1059 Huugreford,
769 978 804 1038 et
819 971 911 1037 Gerr
925 993 1004 1037 uxor
1020 973 1102 1056 ejus.

343 1129 510 1196 Johuunes
524 1131 666 1195 Maudut
681 1133 803 1214 tenuit,
819 1132 915 1195 aunis
938 1130 1105 1215 predictis,
1121 1130 1160 1193 de
1175 1129 1307 1193 domiuo
1322 1148 1399 1212 rege
1417 1127 1472 1191 i.c.
1489 1126 1535 1190 di.
1551 1126 1573 1189 s.
1589 1126 1622 1186 in
1640 1126 1798 1202 Wrruuu,

300 1224 336 1282 et
349 1216 600 1306 Ysrusuurs[r],
616 1224 652 1282 et
666 1218 773 1283 adhuc
787 1224 891 1285 tenet.

342 1382 448 1453 Abhus
459 1379 532 1469 [de]
545 1381 746 1447 Mulmesbur
752 1379 804 1469 [y]
816 1383 937 1460 tenuit,
948 1386 984 1444 et
994 1378 1102 1444 adbuc
1111 1384 1213 1458 tenet,
1222 1379 1332 1442 omniu
1342 1376 1488 1441 muueris
1500 1396 1558 1439 suu
1568 1395 1624 1459 per
1635 1374 1801 1438 baroniam

299 1489 357 1553 pro
372 1469 477 1534 tribus
492 1470 516 1534 f.
534 1491 578 1534 m.
594 1468 636 1533 de
650 1469 783 1533 domiuo
796 1487 872 1553 rege
885 1471 938 1534 ic.

343 1632 548 1714 Humfridus,
564 1653 672 1698 comes
687 1633 871 1712 Herlordie,
887 1634 999 1696 tenuit
1012 1632 1054 1695 ds
1069 1631 1203 1695 domiuo
1219 1649 1293 1715 rege
1306 1631 1360 1693 ic.
1377 1628 1402 1714 j.
1419 1629 1441 1692 f.
1457 1629 1492 1690 iu
1508 1627 1703 1694 Wocxusur.

299 1793 510 1948 Diohcuues
537 1796 578 1860 de
608 1795 711 1860 Cerne
741 1797 862 1875 tenuit,
892 1801 928 1860 et
958 1795 1063 1858 adhuc
1093 1799 1196 1872 tenet,
1227 1792 1268 1857 de
1298 1791 1430 1860 domiuo
1459 1810 1535 1876 rege
1565 1790 1618 1853 i.c.
1645 1789 1690 1851 di.
1716 1787 1739 1852 f.
1763 1789 1798 1850 in

332 1904 487 1949 mucore.

342 2020 499 2085 Ricardus
523 2020 565 2084 de
589 2021 622 2084 lu
647 2019 773 2105 Ryvcre
799 2019 919 2099 tenuit,
934 2019 1031 2083 suuis
1050 2019 1218 2103 predictis,
1233 2023 1269 2082 et
1283 2015 1390 2081 adhuc
1405 2020 1512 2093 tenet,
1525 2014 1566 2077 de
1580 2013 1712 2078 domiuo
1727 2032 1803 2098 rege

298 2110 351 2174 i.c.
367 2108 412 2174 di.
427 2108 453 2176 s.
469 2129 515 2174 m.
530 2108 566 2171 iu
582 2109 746 2175 Hlurrou
762 2113 795 2171 et
810 2108 1010 2177 Wrsrucue.

341 2269 507 2336 Joheuues
531 2270 621 2334 filius
643 2269 819 2355 Regiueldi
849 2269 970 2348 tenuit,
995 2269 1094 2332 cuuis
1122 2267 1291 2351 predictis,
1320 2265 1366 2330 di.
1397 2266 1421 2330 s.
1452 2266 1487 2328 in
1522 2265 1671 2332 Srsucou
1701 2283 1803 2328 rursu

298 2359 549 2526 pippeweuuru,
564 2360 605 2423 de
619 2360 752 2423 domiuo
766 2377 843 2444 rege
857 2359 910 2423 ic.
925 2364 958 2421 st
984 2377 1071 2420 nunc
1093 2362 1187 2420 tenet
1209 2353 1365 2422 Metheus
1379 2352 1469 2416 filius
1492 2353 1633 2436 predicti
1649 2351 1801 2414 Herberti

341 2583 444 2648 Fulco
458 2583 545 2647 filius
562 2583 686 2648 Wuriui
702 2584 812 2647 tenuit
826 2583 921 2646 cuuis
936 2583 1094 2666 predictis
1109 2582 1154 2645 di.
1171 2582 1193 2645 f.
1208 2582 1243 2644 iu
1258 2580 1373 2644 ecdem
1400 2577 1478 2641 ville
1503 2576 1544 2639 de
1573 2575 1735 2656 Sulucou,
1760 2577 1801 2642 de

298 2672 432 2737 domiuo
446 2691 523 2756 rege
537 2673 593 2737 i.c.
611 2679 647 2735 et
660 2690 748 2735 uunc
763 2676 855 2735 tenet
870 2670 1057 2734 Willelmus
1072 2669 1159 2734 filius
1178 2669 1318 2752 Wariuy.

341 2832 503 2899 Roberuu
528 2833 570 2897 de
594 2832 739 2916 Keymes
753 2835 874 2910 tenuit,
899 2833 993 2896 cuuis
1019 2830 1186 2916 predictis,
1209 2850 1265 2895 uu.
1293 2830 1316 2894 f.
1342 2829 1384 2894 de
1413 2826 1546 2890 domiuo
1576 2847 1653 2912 rege
1682 2829 1735 2893 ic.
1766 2830 1800 2893 iu

299 2923 500 2992 Seuesroun
516 2920 684 3000 Ksruuus,
699 2926 735 2985 et
749 2941 836 2984 nuuc
851 2926 945 2984 tenet
960 2920 1059 3004 Ilugo
1074 2919 1105 2982 le
1122 2918 1308 3002 Dispeucer,
1323 2935 1429 2982 comes
1444 2915 1617 2998 Wputeuie

340 3076 516 3141 Nicholeus
530 3078 569 3142 de
584 3075 703 3140 Sancte
717 3075 832 3141 Mauro
846 3075 968 3156 tenuit,
983 3077 1077 3142 anuis
1091 3075 1256 3161 predictis,
1270 3077 1311 3140 de
1326 3077 1457 3141 domiuo
1471 3097 1547 3162 rege
1562 3078 1613 3142 ic.
1628 3077 1652 3163 j.
1664 3076 1689 3143 f.
1702 3100 1748 3143 m.
1764 3081 1799 3142 iu

297 3165 442 3244 Pourou,
457 3171 492 3229 et
506 3183 593 3227 nuuc
613 3170 664 3228 est
688 3165 723 3226 iu
749 3165 897 3228 custodie
921 3165 1047 3229 domiui
1071 3165 1166 3248 regis,
1190 3170 1224 3228 et
1249 3163 1365 3228 extitit
1388 3185 1447 3248 per
1462 3165 1532 3251 viij.
1548 3185 1648 3229 anuos
1663 3165 1799 3249 elapsos,

296 3259 430 3339 propter
442 3252 601 3316 minorem
615 3256 740 3316 etatem
755 3252 884 3316 heredis
898 3252 981 3316 dicti
996 3249 1157 3316 Nicholci.

340 3416 525 3481 willelmus
550 3416 590 3480 de
614 3413 819 3480 Grundiscno
848 3419 969 3495 tenuit,
994 3417 1090 3480 cuuis
1119 3415 1285 3500 predictis,
1316 3415 1358 3480 de
1387 3415 1520 3480 domiuo
1549 3437 1624 3502 rege
1654 3417 1678 3504 j.
1711 3419 1734 3483 f.
1764 3419 1799 3481 iu

297 3503 457 3572 bremun
472 3503 619 3571 Tuscos.

340 3668 439 3754 Hugc
452 3666 484 3730 le
499 3666 685 3750 Dispeucer,
701 3686 811 3730 comes
825 3666 1014 3750 Wyutonie,
1030 3672 1121 3731 tenet
1146 3667 1327 3730 manerium
1351 3667 1392 3731 de
1416 3667 1572 3735 cosmos
1600 3669 1726 3735 Bisssr
1742 3689 1800 3754 pro

296 3755 323 3842 j.
337 3755 362 3820 f.
389 3756 429 3819 de
455 3752 576 3818 honore
600 3754 853 3839 Walyugsordie,
876 3760 911 3818 et
933 3755 1078 3821 Worrou
1105 3755 1233 3820 Bessus
1255 3775 1312 3838 pro
1338 3753 1362 3841 j.
1378 3753 1402 3820 f.
1425 3755 1466 3819 de
1493 3755 1581 3819 dicto
1608 3751 1741 3837 honore,
1764 3763 1800 3820 et

296 3843 477 3907 manerium
494 3841 535 3906 de
549 3842 752 3907 Bucuurouu
768 3861 826 3924 pro
840 3841 866 3928 j.
882 3841 906 3906 f.
922 3842 964 3905 de
978 3842 1067 3905 dicto
1083 3839 1213 3906 honore.

297 4093 318 4158 h
339 4002 505 4070 Johuunes
520 4002 680 4088 Hurdyug
694 4008 788 4067 tenet
801 4004 837 4066 iu
852 4004 1038 4072 eroorrr
1053 4003 1098 4069 di.
1114 4001 1138 4068 f.
1154 4004 1195 4068 de
1211 4003 1394 4088 Reginaldo
1409 4002 1505 4083 Crok,
1520 4006 1639 4090 etipse
1655 4006 1696 4070 de
1711 4006 1801 4071 dicto

320 4112 427 4158 cuore.

340 4229 520 4294 Adcmcrus
534 4226 574 4291 de
588 4226 743 4291 valencia
757 4229 878 4307 tenuit,
892 4173 987 4292 cuuis
1011 4227 1181 4313 predictis,
1209 4229 1388 4292 menesium
1414 4228 1456 4292 de
1481 4229 1607 4296 Hucnu
1636 4230 1800 4298 Swrueou

297 4338 355 4403 pro
369 4317 443 4403 viij·
461 4321 553 4400 purte
567 4334 623 4380 uu.
639 4314 662 4380 f.
678 4335 723 4380 m.

339 4481 447 4544 Abbus
483 4477 653 4543 Glestouie
690 4479 808 4557 tenuit,
844 4478 939 4542 cunis
975 4478 1144 4561 predictis,
1182 4485 1217 4543 et
1252 4479 1358 4542 adhuc
1395 4485 1500 4557 tenet,
1536 4479 1719 4544 mererium
1759 4481 1800 4545 de

297 4568 512 4645 Breuesuur,
528 4567 569 4631 de
582 4565 713 4630 buccis
727 4586 787 4629 suu
800 4565 987 4630 Glcstonie.

298 4731 438 4885 THugo
452 4729 484 4794 le
498 4728 691 4812 Despeuser,
704 4748 813 4793 comcs
834 4725 891 4815 [W
892 4727 1061 4817 yutouie],
1075 4729 1200 4813 tenuit,
1216 4731 1310 4794 anuis
1336 4729 1502 4814 predictis,
1517 4733 1542 4818 j.
1560 4731 1581 4796 f.
1599 4752 1646 4797 m.
1671 4732 1707 4794 in
1730 4733 1801 4800 Esr

325 4837 516 4886 omum.

341 4955 381 5021 Iu
396 4953 492 5042 cujus
505 4954 552 5018 rei
565 4952 792 5018 testimouium
808 4953 947 5037 predicti
958 4953 1122 5037 juratores
1136 4954 1337 5040 presentibus
1352 4954 1461 5039 sigilla
1476 4974 1534 5020 sue
1546 4965 1777 5041 apposuerunt.

341 5119 460 5182 Postea
474 5117 600 5196 dicunt,
609 5115 695 5200 quod
710 5114 874 5180 chricus
888 5116 930 5180 de
942 5115 1119 5202 Welyutcu
1134 5125 1170 5181 et
1185 5117 1347 5182 liedulfus
1361 5118 1402 5182 de
1420 5117 1594 5203 Welyutcu
1610 5127 1801 5202 tenuerunt,

296 5207 391 5271 cunis
404 5204 575 5291 predictis,
590 5203 631 5268 de
645 5202 777 5267 domiuo
792 5224 869 5289 rege
883 5203 929 5269 di.
944 5204 968 5270 f.
983 5205 1019 5268 in
1036 5205 1241 5272 Zurusuuur.

341 5369 429 5434 litem
444 5367 607 5432 Heuricus
622 5367 663 5431 de
679 5367 869 5432 lcucustric
884 5369 1006 5448 tenuit,
1021 5371 1114 5434 cuuis
1130 5370 1296 5454 predictis,
1311 5369 1356 5434 di.
1372 5369 1396 5436 f.
1414 5371 1449 5432 iu
1465 5369 1664 5436 Hluruuou.
