4092 6117
895 622 977 693 AJ).
1003 624 1099 691 1428.
1469 610 1472 617 '
1682 624 1744 691 165

287 908 325 973 In
341 912 491 993 parochia
504 912 546 975 de
560 912 723 979 Bnaansrr
739 916 848 977 testor
861 932 925 975 non
940 912 1074 975 residet.
1122 911 1307 977 Willelmus
1323 913 1473 997 Senhjon,
1487 912 1508 975 J
1510 910 1653 975 ohannes
1676 920 1745 975 atta

244 996 642 1152 hihlgl'mhhhghhiifm
668 998 751 1079 Rois,
768 999 955 1063 Willelmus
980 999 1090 1084 Kyng,
1116 996 1282 1063 Johannes
1305 999 1426 1083 Pyeod‚
1452 999 1611 1063 Ricardus
1634 999 1744 1083 Kyng,

285 1222 327 1284 In
351 1222 503 1304 parochia
526 1223 569 1287 de
597 1222 703 1291 Ceras
728 1228 836 1287 reeior
860 1242 925 1286 non
948 1222 1079 1288 residet.
1126 1221 1312 1289 Willelmus
1337 1221 1430 1301 Crelr,
1447 1220 1607 1289 Ricardns
1621 1178 1766 1299 James,¹

246 1308 428 1375 Willelmus
442 1316 512 1375 atta
528 1309 649 1390 Hethe,
663 1310 829 1375 Johannes
844 1310 980 1394 Pypere,
994 1305 1117 1373 Felicia
1132 1308 1230 1375 Serle.

291 1440 330 1502 In
344 1438 496 1522 parochia
510 1441 551 1504 de
566 1442 768 1507 Bonamms
784 1440 922 1505 Thomas
937 1445 1007 1505 athe
1021 1442 1174 1507 Hamme.

288 1576 328 1639 In
343 1566 493 1660 parochia
507 1578 548 1641 de
563 1578 703 1645 Snnasrr
717 1585 823 1641 rector
836 1598 900 1642 non
916 1578 1048 1643 residet.
1094 1578 1114 1642 J
1116 1576 1259 1643 ohannes
1271 1578 1423 1659 Golbrolr,
1431 1581 1451 1645 J
1453 1580 1598 1646 ohannes
1610 1582 1747 1668 Mondy‚

246 1664 405 1730 Walterus
419 1665 554 1744 Drasell,
569 1665 711 1732 Thomas
724 1665 895 1742 Marahsll,
908 1664 1049 1728 Thomas
1064 1666 1207 1732 Gosden.

210 1810 216 1823 ‘
291 1802 327 1863 In
355 1800 508 1885 paroehia
533 1802 573 1866 de
597 1802 738 1868 Laeana
761 1808 866 1866 rector
890 1802 1026 1867 ibidem.
1071 1802 1229 1867 Ricardus
1252 1804 1340 1882 Piar,
1356 1805 1537 1873 Willelmus
1562 1806 1746 1887 Stratenda

247 1887 409 1953 Johannes
422 1889 568 1969 Elsteda,
586 1889 743 1953 Riaardus
758 1888 914 1968 Manness,
930 1888 1071 1954 Thomas
1087 1891 1219 1971 Manell,
1232 1890 1398 1956 iohannes
1415 1894 1587 1959 Fromond.

902 2184 1099 2251 mannaan.

295 2324 332 2386 In
359 2324 508 2407 parochia
532 2322 572 2386 de
596 2322 779 2389 Connmwn
802 2324 908 2385 rector
922 2340 985 2384 non
1002 2320 1135 2386 residet.
1179 2320 1320 2385 Thomas
1335 2322 1462 2409 Knyth,
1478 2325 1597 2403 senior,
1611 2325 1751 2387 Thomas

252 2411 375 2494 Knyrb,
384 2412 508 2493 junior,
524 2410 706 2476 Willelmus
721 2408 844 2472 Potior.

296 2548 334 2610 in
359 2549 509 2632 parochia
532 2548 574 2610 de
599 2547 766 2611 Bassam
793 2546 976 2612 Willelmus
1002 2545 1181 2623 Wasshere,
1210 2544 1376 2610 Johannes
1405 2546 1564 2631 Polyngg,
1594 2547 1751 2611 Ricardus

251 2632 694 2787 {aggnzgifihgsacnsfflziorth
709 2632 894 2700 Willelmus
908 2639 977 2697 ahta
993 2634 1071 2717 rye,
1088 2633 1275 2701 Willelmus
1302 2633 1399 2712 Hnls,
1426 2634 1587 2699 Rohertus
1612 2634 1750 2719 Paynot,

296 2855 335 2919 In
350 2857 444 2943 eujus
458 2858 505 2920 rei
518 2841 743 2919 testimhnium
757 2858 820 2919 ete.

300 3072 477 3153 lnquiaieie
500 3076 595 3153 capta
619 3067 706 3153 apud
729 3068 838 3132 lienes
860 3067 915 3130 die
930 3066 1062 3131 Sabhabi
1078 3066 1223 3151 proxima
1238 3072 1315 3131 anta
1330 3066 1450 3133 festum
1467 3069 1578 3134 Sancti
1593 3073 1755 3137 Dunsiani

253 3177 337 3221 anno
362 3167 427 3223 ete.
448 3163 495 3235 (as
518 3159 624 3234 adase)
654 3177 712 3239 per
736 3167 977 3219 sacramentum
1001 3154 1160 3221 Willelmi
1186 3154 1384 3231 Thecchere,
1409 3157 1568 3221 Johannis
1585 3160 1754 3239 Marchall,

253 3242 413 3307 iohannis
447 3252 517 3308 atta
555 3244 653 3325 haya,
683 3241 843 3306 Johannis
879 3240 1061 3324 Msrkwyk,
1089 3242 1250 3305 ,Iohannis
1279 3241 1410 3327 eregh,
1441 3244 1563 3309 Thome
1596 3249 1755 3333 Holybon,

254 3331 412 3395 Johannis
428 3332 563 3408 Honeli,
578 3330 737 3394 Johannis
750 3330 846 3413 Bmy,
862 3330 985 3392 'l'homa
1008 3329 1233 3406 Wannemere‚
1255 3328 1379 3393 Thome
1402 3336 1471 3393 ahta
1494 3333 1573 3409 Lae,
1595 3334 1754 3398 Johannis

255 3418 444 3502 Wykherst,
459 3418 582 3481 Thema
598 3418 748 3502 Petyjon,
769 3417 920 3502 junioris,
934 3416 993 3499 qui
1017 3416 1120 3501 jurati
1135 3416 1250 3479 dieunt
1265 3437 1363 3499 super
1379 3428 1580 3484 sacramanta
1595 3443 1652 3485 sua
1668 3424 1754 3507 qnod

254 3508 287 3567 in
314 3505 476 3589 parochiis
498 3506 715 3588 infrascriptis
739 3524 874 3587 persons
888 3512 965 3567 sunt
978 3503 1203 3566 inhabitantes
1220 3510 1313 3585 prout
1327 3505 1414 3567 infra
1428 3508 1626 3585 continetur,
1641 3516 1675 3572 et
1689 3530 1755 3573 non

255 3593 372 3676 plures.

760 3803 800 3869 In
823 3823 992 3869 nasaniae
1016 3823 1060 3868 nn
1084 3802 1257 3871 LEWES.
1368 3794 1370 3799 ’

299 3942 338 4006 In
354 3941 507 4028 parochia
521 3942 562 4005 de
576 3941 796 4008 Barcnmros
812 3920 929 4003 dicant
943 3939 1031 4023 quod
1046 3959 1109 4002 non
1126 3944 1205 4003 sunt
1218 3940 1328 4023 alique
1349 3960 1484 4025 persone
1498 3940 1726 4006 inhabitantes.

301 4082 338 4144 In
354 4080 506 4163 parochia
521 4078 563 4143 de
577 4079 822 4155 Hanannnrorr,
839 4076 984 4161 Rogerns
998 4075 1117 4155 amala,
1134 4074 1294 4140 Rohertus
1309 4077 1399 4161 May,
1413 4082 1446 4140 et
1461 4096 1525 4138 non
1541 4076 1660 4159 plures.

300 4220 338 4283 In
365 4217 518 4302 parochia
542 4216 582 4279 de
610 4215 860 4282 Summanum
882 4214 1047 4279 Jshannes
1071 4216 1230 4279 Siratton.
1247 4214 1413 4278 Johannes
1427 4212 1559 4297 Pyryer,
1576 4212 1760 4297 Stephanus

259 4304 437 4382 Blannche‚
452 4303 625 4367 Nieholans
639 4301 809 4382 Chambre,
826 4301 1008 4365 Wiilelmus
1033 4310 1102 4367 atta
1129 4302 1236 4381 Helle,
1262 4300 1419 4364 Ricardus
1445 4301 1571 4383 Hawys,
1597 4300 1759 4365 Johannes

259 4394 399 4477 Martyn.
444 4391 562 4455 Reetsr
575 4410 639 4454 non
655 4389 784 4453 residet.
829 4388 876 4451 Et
890 4410 955 4453 non
969 4390 1088 4473 plures.

300 4532 340 4595 ln
354 4527 507 4614 parochia
521 4529 562 4592 de
576 4528 722 4593 Nawrna
736 4520 877 4591 Thomas
892 4526 1106 4606 Underw0de‚
1130 4528 1151 4591 J
1153 4528 1294 4591 ohannes
1320 4526 1410 4605 Fosi,
1433 4527 1600 4591 Johannas
1625 4525 1759 4607 Rikard,

260 4626 295 4683 et
309 4620 493 4703 Margareta
507 4616 624 4679 Larke.

300 4758 340 4820 In
355 4753 507 4840 parochia
521 4754 562 4817 de
580 4754 738 4821 Susanna
751 4750 916 4817 Johannes
931 4750 1094 4817 Ookshore
1109 4758 1144 4817 et
1159 4772 1224 4816 non
1240 4752 1360 4835 plures.

927 5039 1093 5106 Panassa.

303 5182 342 5247 In
355 5178 510 5335 ffiroehia
524 5178 563 5241 de
579 5177 760 5245 Hoasrnna
776 5177 885 5243 Pravr
905 5185 1013 5241 rector
1032 5178 1166 5241 ibidem.
1213 5175 1369 5238 Ricardus
1384 5174 1458 5257 sz,
1471 5171 1634 5237 iohannes
1651 5172 1759 5251 Delve,
1808 5138 1811 5145 ¹

259 5270 355 5335 wille
402 5291 441 5333 na
456 5266 576 5349 Harry,
590 5265 748 5328 Rieardus
762 5264 906 5343 Walnhe,
920 5262 942 5327 J
943 5265 1087 5328 ohannes
1102 5262 1218 5346 Sharp,
1234 5263 1344 5327 Simon
1361 5260 1522 5327 Bretiord.

301 5409 387 5477 Item
401 5411 436 5476 in
451 5403 603 5491 parochia
616 5404 656 5469 ds
671 5403 807 5471 Exears
823 5404 982 5469 Henricns
996 5399 1158 5467 Chesman
1175 5404 1208 5465 ah
1222 5418 1287 5463 non
1302 5398 1422 5482 plures.
