4092 6117
922 618 1004 686 al).
1030 607 1126 687 1324.

627 908 836 998 [Belum.
859 910 991 990 DOLL,
1016 933 1059 978 ur
1082 909 1419 997 AMBRESBURY]

307 1051 485 1134 Inquisicio
507 1054 604 1133 capta
627 1050 714 1132 apud
738 1048 954 1113 Sarisburiam
983 1070 1091 1113 cotem
1117 1048 1266 1114 Jobanne
1282 1050 1314 1113 le
1329 1050 1398 1114 Rus
1412 1055 1448 1115 et
1463 1047 1612 1114 Johaunc
1626 1050 1772 1133 Tbrrpyn,

260 1137 487 1201 collectoribus
510 1137 651 1222 scutagii
674 1137 802 1202 domini
829 1139 927 1222 regis,
955 1137 1010 1201 die
1035 1137 1127 1201 Lune
1152 1139 1302 1222 proxima
1328 1143 1401 1222 post
1432 1142 1562 1202 octavas
1585 1138 1770 1215 Trinitatis,

261 1245 345 1287 anno
359 1225 510 1288 Edwardi
524 1224 604 1309 xvij.
621 1245 678 1308 per
692 1233 932 1288 sacramentum
948 1225 1080 1290 Ricardi
1096 1225 1137 1289 de
1154 1223 1284 1303 Combe,
1297 1225 1458 1289 Willelmi
1469 1224 1595 1300 Warde,
1611 1223 1771 1288 Jobannis

264 1311 452 1395 Kvtewyne‚
472 1311 605 1375 Henrici
621 1312 780 1396 Templer,
793 1312 951 1375 Jobannis
967 1312 1098 1385 Saucer,
1111 1313 1244 1376 Ricardi
1259 1313 1362 1392 Petit,
1377 1313 1539 1396 Radulphi
1556 1318 1626 1376 atte
1642 1312 1770 1390 Mulne,

263 1399 419 1462 Willelmi
438 1401 594 1483 Quintyn,
611 1398 769 1463 Willelmi
786 1399 888 1478 Serle,
903 1398 1066 1463 Jobannis
1081 1399 1202 1484 Leyde,
1218 1399 1380 1465 Jobannis
1395 1401 1509 1486 Pycot,
1524 1400 1593 1464 Ade
1610 1399 1771 1478 Bartelot,

263 1487 320 1569 qui
334 1487 451 1550 dicunt
466 1507 563 1572 super
578 1504 822 1550 sacramentum
837 1507 943 1565 suum,
959 1486 1046 1572 quod
1059 1512 1112 1552 :-

305 1649 491 1734 Margareta
507 1649 637 1733 Stormy
647 1656 682 1713 et
697 1644 862 1713 Johannes
873 1649 1004 1732 annsy
1013 1655 1190 1712 tenuerunt
1207 1647 1248 1712 de
1262 1649 1395 1712 domiuo
1411 1668 1488 1732 rege
1503 1648 1557 1712 i.c.
1570 1649 1665 1711 annis
1680 1648 1771 1732 regni

261 1736 512 1887 ἱᾙὶξὶὶέἔέἓὲ
526 1737 587 1801 filii
602 1738 688 1822 regis
704 1736 841 1801 Henrici
857 1735 972 1820 xxviij0
991 1736 1079 1821 xxxj.
1096 1743 1130 1798 et
1147 1735 1284 1820 xxxiiijc
1307 1757 1360 1801 nn.
1377 1735 1401 1800 1.
1418 1757 1464 1800 m.
1482 1735 1516 1798 in
1533 1735 1725 1812 Frznnnnu,
1736 1741 1771 1798 et

306 1936 449 2000 Predieti
484 1935 649 2000 Jobannes
684 1941 719 2000 et
755 1937 939 2020 Margareta
975 1941 1168 2014 tenuerunt,
1204 1937 1298 2001 ennis
1335 1935 1501 2020 predictis,
1539 1937 1564 2022 j.
1596 1936 1620 2000 f.
1652 1957 1698 2000 m.
1736 1937 1771 1998 in

266 2023 488 2102 Srsnnnsoao,
506 2025 591 2088 unde
607 2023 769 2089 Hernicus
784 2025 930 2107 Sturmy,
947 2023 1035 2086 tilius
1050 2028 1083 2086 et
1098 2025 1190 2088 heres
1205 2025 1351 2107 predicte
1367 2023 1564 2107 Margarete,
1581 2043 1667 2087 nuuc
1677 2028 1772 2087 tenet

262 2130 361 2173 unam
376 2112 604 2191 medietatem,
618 2117 652 2176 et
669 2132 777 2176 comes
792 2111 970 2197 Wyntonie
993 2116 1088 2175 tenet
1111 2111 1211 2174 aliem
1237 2111 1463 2189 medietatem,
1491 2110 1532 2174 de
1546 2110 1630 2175 dono
1645 2111 1772 2174 domini

262 2219 356 2282 regis.

304 2310 467 2373 Henricus
482 2311 521 2374 de
537 2311 725 2374 Laneastria
739 2313 860 2391 tenuit,
875 2314 971 2374 annis
985 2311 1155 2394 predictis,
1172 2315 1206 2374 et
1222 2309 1328 2374 adhuc
1343 2314 1448 2388 tenet,
1471 2310 1512 2373 de
1539 2310 1671 2373 domino
1695 2331 1771 2396 rege

261 2399 314 2461 ic.
332 2400 475 2461 maneria
501 2399 542 2462 de
568 2400 728 2464 Bna1wr1r
750 2406 786 2462 et
801 2400 993 2466 Wrcuroan
1017 2420 1076 2482 pro
1098 2420 1155 2463 un.
1172 2397 1195 2462 f.
1212 2405 1246 2461 et
1263 2399 1310 2462 di.
1327 2399 1532 2481 pertinencia
1547 2397 1587 2460 ad
1603 2397 1769 2462 baroniam

262 2506 352 2547 suam
369 2485 409 2548 de
425 2485 691 2570 Kynemerslord.

304 2622 477 2686 Abbatissa
493 2624 658 2708 Wyltonie
674 2627 794 2701 tenuit,
810 2626 905 2687 annis
920 2625 1089 2709 predictis,
1106 2631 1141 2688 et
1167 2622 1275 2687 adhuc
1299 2629 1393 2687 tenet
1417 2622 1456 2687 dc
1472 2622 1605 2687 domino
1622 2644 1699 2710 rege
1715 2626 1769 2690 i.c.

260 2712 407 2774 maneria
422 2711 462 2774 de
476 2713 590 2790 wrm,
605 2713 711 2779 quen
726 2713 903 2790 Wrcsoan,
918 2718 953 2776 et
969 2713 1148 2791 Nrwnrors,
1165 2712 1370 2795 pertinencia
1385 2711 1427 2774 ad
1442 2711 1609 2774 baroniam
1625 2732 1726 2776 suern.

305 2847 469 2912 hienricus
500 2849 541 2912 de
571 2849 670 2933 lacy,
696 2869 806 2913 comes
837 2849 1026 2932 Lyncolnie,
1056 2850 1167 2912 tenuit
1195 2850 1292 2912 annis
1321 2847 1487 2931 predictis,
1513 2849 1698 2912 manerium
1729 2849 1771 2914 de

262 2933 541 3023 Auna[sssuar],
558 2937 642 2999 sicut
657 2937 841 3000 membrum
856 2937 897 3001 de
913 2937 1075 3001 comitatu
1091 2935 1280 3003 Sarisbnrie.
1779 2955 1782 2962 ’

303 3072 325 3136 J
326 3071 469 3136 ohannes
483 3074 524 3135 de
539 3073 683 3156 Neyvyle
700 3074 819 3154 tenuit,
834 3075 929 3137 annis
955 3074 1122 3158 predictis,
1137 3072 1178 3136 de
1192 3073 1324 3136 domino
1339 3093 1412 3158 rege
1427 3074 1481 3139 i.c.
1497 3077 1532 3138 et
1545 3071 1652 3137 adhuc
1666 3078 1769 3155 tenet,

261 3181 316 3225 un.
333 3161 356 3225 f.
374 3182 419 3225 m.
435 3162 471 3223 in
486 3160 683 3227 Duasurors.

304 3283 480 3350 Nicholaus
503 3284 672 3370 Puryshut
695 3287 818 3366 tenuit,
843 3289 936 3352 annis
962 3287 1129 3372 predictis,
1153 3291 1188 3351 et
1214 3284 1321 3350 adhuc
1347 3289 1449 3362 tenet,
1464 3288 1616 3369 quartam
1642 3290 1772 3368 partem

261 3394 317 3438 un.
333 3372 357 3438 1.
372 3374 406 3436 in
422 3374 663 3442 Wrrsrnusnnw
678 3375 719 3440 de
733 3376 866 3441 domino
881 3396 958 3462 rege
973 3377 1028 3440 i.c.

304 3500 445 3565 Thomas
458 3502 499 3566 de
514 3501 663 3583 Berkele,
680 3510 713 3568 et
729 3503 908 3568 Mauricius
923 3503 1011 3566 filius
1026 3501 1111 3588 ejus,
1125 3503 1313 3578 tenuemnt,
1329 3499 1424 3562 annis
1450 3496 1617 3580 predictis,
1634 3497 1674 3560 de
1695 3518 1772 3584 rege

262 3589 317 3655 i.c.
333 3610 389 3655 un.
406 3591 430 3654 1.
446 3611 493 3655 m.
509 3590 543 3653 in
558 3590 761 3657 Mrnnrsros.

304 3727 349 3790 Et
362 3727 404 3790 de
417 3727 492 3792 aliis
506 3728 652 3792 articulis
666 3726 772 3792 nichil
786 3730 905 3794 sciunt.

304 3867 345 3931 In
360 3867 454 3956 cujus
468 3871 517 3933 rei
533 3872 762 3936 testimonium
779 3871 891 3956 sigilla
904 3891 963 3934 sua
977 3872 1212 3954 apposuerunt.

305 4007 395 4071 Item
409 4008 535 4089 dicunt,
551 4010 638 4095 quod
652 4008 819 4074 Jobannes
834 4007 963 4073 (iiffard
978 4007 1092 4073 tenuit
1106 4007 1147 4072 de
1163 4006 1297 4071 domino
1311 4023 1386 4088 rege
1411 4003 1466 4067 1.0.
1482 4005 1577 4066 annis
1602 4001 1772 4088 predictis,

261 4094 287 4180 j.
301 4094 326 4161 f.
342 4095 378 4159 in
394 4095 604 4164 Scnnmuou.

497 4282 874 4370 [ALWARDuBmm
899 4284 1155 4363 DOUNTONE,
1182 4279 1545 4368 FURSTEFFELD]

303 4420 484 4506 inquisicio
506 4427 602 4506 capta
623 4422 711 4506 apud
741 4422 959 4485 Sarisburiam
989 4423 1043 4486 die
1074 4422 1192 4484 Martis
1222 4420 1371 4504 proxima
1400 4424 1474 4504 post
1503 4419 1624 4482 festum
1656 4419 1771 4483 Sancti

259 4506 385 4588 Jacobi,
399 4509 558 4592 Apostoli,
584 4529 670 4572 anno
695 4510 789 4594 regni
813 4511 900 4593 regis
928 4509 1079 4572 Edwardi
1106 4509 1167 4571 filii
1194 4509 1281 4591 regis
1308 4506 1458 4570 Edwardi
1486 4511 1601 4571 octavo
1632 4506 1772 4584 decimo,

259 4616 366 4659 coram
391 4594 539 4660 Jobanne
565 4597 596 4658 le
622 4597 689 4659 Rus
711 4605 746 4660 et
761 4596 910 4660 Jobanne
926 4598 1067 4679 Turpyn,
1083 4596 1312 4659 collectoribus
1328 4595 1472 4679 scutagii
1487 4593 1614 4657 domini
1630 4595 1715 4677 regis
1729 4594 1771 4656 de

258 4684 354 4746 annis
380 4684 475 4767 regni
499 4686 586 4769 regis
613 4684 760 4747 Edwardi
786 4685 901 4769 xxviij.
928 4684 1013 4769 xxxj.
1043 4689 1077 4748 et
1105 4682 1229 4768 xxxiiij.
1257 4703 1312 4764 per
1340 4687 1583 4745 sacramentum
1610 4679 1770 4744 Jobannis

260 4769 414 4853 Upehnll,
442 4769 602 4834 Jobannis
632 4771 673 4834 de
703 4770 854 4854 Farlegh,
885 4771 1019 4833 Ricardi
1053 4771 1278 4853 Mancornays,
1308 4767 1459 4832 Nioholai
1487 4766 1626 4853 Aygnel‚
1650 4767 1768 4852 Rogeri

260 4854 445 4940 Chupman,
480 4857 640 4922 Jobannis
677 4857 817 4936 Charles,
864 4859 1049 4943 juratorum
1098 4856 1259 4921 hundredi
1297 4855 1338 4918 de
1377 4855 1564 4934 Dountonc,
1613 4851 1772 4919 Jobannis

260 4944 470 5022 Dunberdan,
488 4945 645 5009 Willelmi
671 4945 759 5029 EIys,
786 4946 945 5008 Jobannis
971 4945 1152 5028 Devenays,
1170 4943 1331 5007 hundredi
1349 4944 1390 5005 de
1407 4942 1618 5017 Furstefleld,
1635 4941 1771 5005 Walteri

259 5032 300 5094 de
316 5031 492 5112 Pachham,
509 5033 669 5096 Jobannis
685 5032 801 5116 Harry,
815 5041 850 5097 et
866 5033 996 5096 Ricardi
1012 5034 1044 5097 le
1060 5032 1198 5116 Hayras,
1212 5031 1268 5114 qni
1284 5031 1403 5093 dicunt
1419 5051 1513 5113 super
1528 5035 1770 5093 sacramentum

263 5139 370 5199 suum,
385 5122 536 5203 quod:-

305 5257 486 5343 Episcopus
515 5256 757 5341 Wyntoniensis
793 5259 902 5321 tenuit
938 5258 1087 5322 maneria
1115 5257 1155 5320 de
1185 5256 1381 5331 Donrrrosn,
1413 5254 1702 5329 Brscnoessuosn,
1731 5258 1768 5317 et

263 5343 415 5427 Orsownn,
442 5346 484 5410 10
506 5346 640 5430 domino
665 5364 741 5431 rege
767 5347 821 5410 i.c.
837 5346 1044 5429 pertinencia
1067 5345 1109 5407 ad
1133 5343 1300 5406 baroniam
1329 5362 1435 5418 suam,
1456 5361 1520 5426 que
1551 5345 1684 5405 tenetur
1713 5361 1771 5425 pro

262 5432 406 5519 quinque
420 5432 524 5498 100110
538 5433 697 5499 militum.
