4092 6117
311 549 375 614 stc
528 519 536 539 ’
771 542 773 545 ·
929 545 1200 616 wmrsrusa.

352 835 523 900 Abbatissa
538 833 707 902 Shaftonie
723 842 817 902 tenet
831 837 1024 902 immediate
1039 837 1080 901 de
1095 857 1173 922 rege
1187 841 1277 900 certa
1291 841 1393 900 terras
1417 840 1451 900 et
1473 839 1664 899 tenementa
1686 834 1721 897 in
1736 833 1815 898 villa

308 923 349 986 de
373 925 519 990 Bnawrs
536 925 655 992 Senem
673 926 848 992 Laorrrnnr
863 947 921 1010 per
936 927 1072 990 terciam
1088 932 1214 1009 partem
1230 945 1285 990 un.
1301 924 1325 989 f.
1343 945 1388 991 m.
1405 927 1439 986 et
1455 922 1551 986 solvit
1567 923 1644 986 inde
1659 921 1813 1000 decimas,

308 1013 438 1094 quando
452 1012 577 1075 decime
591 1020 737 1078 currunt.

351 1149 475 1211 Dicunt
497 1149 638 1212 ulterius
660 1151 800 1234 predicti
818 1149 983 1233 juratores
1008 1149 1095 1236 quod
1120 1169 1186 1212 non
1212 1151 1293 1212 sunt
1315 1148 1379 1212 alie
1404 1167 1539 1231 persone
1566 1146 1634 1210 sive
1661 1151 1811 1210 tenentes

308 1238 393 1300 infra
415 1235 619 1300 hundredum
643 1238 829 1321 predictum
860 1238 974 1301 seisite
1002 1239 1038 1300 in
1068 1237 1233 1300 dominico
1258 1255 1316 1301 sno
1345 1235 1547 1311 immediate,
1576 1238 1616 1297 ut
1642 1233 1682 1297 de
1708 1233 1811 1298 libero

306 1330 505 1399 tenemento,
522 1323 625 1386 under
638 1325 752 1388 eedem
767 1345 901 1408 persone
924 1325 993 1388 sive
1018 1329 1165 1388 tenentes
1191 1324 1429 1406 possessionate
1444 1323 1603 1401 existunt,
1620 1322 1679 1404 qui
1693 1325 1810 1385 tenent

305 1431 364 1494 per
377 1413 543 1494 integmm
560 1411 692 1475 feodum
707 1413 838 1490 militis,
852 1413 1076 1490 medietatem,
1092 1411 1240 1490 terciam,
1258 1410 1307 1476 vel
1323 1416 1484 1494 quartam,
1500 1414 1627 1493 partem
1653 1429 1710 1476 un.
1727 1407 1748 1473 f.
1765 1429 1809 1474 m.

310 1499 477 1562 inclusive.

353 1636 392 1699 In
407 1636 502 1723 cujus
515 1637 563 1700 rei
578 1637 804 1701 testimonium
821 1643 884 1701 etc.

748 1964 970 2030 Huuunaouu
994 1985 1038 2029 on
1061 1959 1374 2030 FRUSTEFELD.

352 2099 530 2183 Inquisitio
560 2101 647 2163 secta
676 2100 763 2184 apud
786 2100 911 2164 Novam
943 2099 1169 2177 Sarisburiam,
1195 2100 1249 2161 die
1274 2099 1392 2160 Martis
1422 2098 1567 2181 proximo
1590 2103 1661 2182 post
1688 2096 1809 2161 festum

308 2187 419 2250 Sancti
436 2187 581 2251 Bamalm
596 2186 756 2270 Apostoli,
773 2207 861 2252 anno
885 2189 979 2272 regni
1005 2188 1093 2272 regis
1117 2187 1253 2250 Hearici
1270 2187 1355 2248 sexti
1378 2192 1453 2268 post
1478 2191 1693 2269 conquestum
1708 2191 1808 2264 sexto,

308 2294 415 2338 coram
430 2273 577 2338 Johanne
591 2274 692 2359 Payn,
708 2275 852 2339 Roberto
868 2275 976 2358 lirley,
991 2274 1142 2338 Johanne
1157 2273 1295 2357 Sturmy
1318 2273 1359 2335 de
1383 2273 1536 2351 Axeiord,
1560 2272 1709 2336 Johanne
1734 2274 1809 2337 Brid

307 2362 349 2425 de
373 2360 599 2447 Marleburgh,
624 2361 766 2426 Henrico
791 2361 959 2446 Bredeley,
985 2362 1135 2426 Johcnne
1159 2361 1291 2444 Sturmy
1316 2361 1356 2423 de
1382 2359 1638 2439 Wacheuesfeld,
1662 2358 1811 2425 Johanne

309 2450 411 2534 Buye,
427 2448 593 2512 Willelmo
619 2449 704 2512 Lord
730 2450 769 2513 de
796 2451 888 2513 Nova
910 2448 1095 2514 Sarisburia
1123 2452 1158 2511 et
1184 2448 1332 2514 Johanne
1363 2447 1525 2510 Montiort
1549 2447 1590 2510 de
1620 2447 1687 2532 Lye
1716 2449 1810 2534 juxta

308 2535 490 2620 Westbury,
514 2536 739 2601 collectoribus
762 2536 901 2601 subsidii
924 2537 1049 2599 domini
1077 2537 1166 2620 regis
1190 2536 1226 2598 in
1250 2535 1370 2598 ultimo
1400 2533 1614 2618 parliamento
1641 2555 1698 2598 suo
1722 2536 1810 2620 apud

305 2624 633 2686 Westmonssterium
657 2625 692 2686 in
717 2625 882 2709 quindena
908 2624 1017 2687 Sancti
1045 2621 1216 2686 Michaelis
1242 2621 1362 2686 ultimo
1393 2623 1549 2705 preterita
1574 2624 1726 2701 concessi,
1752 2644 1810 2708 per

304 2716 544 2775 sacramentum
559 2709 683 2773 Thcme
703 2711 830 2793 Wyker,
854 2711 987 2774 Roberti
1014 2710 1114 2787 Belle,
1140 2709 1274 2774 Roberti
1299 2709 1433 2792 Emery,
1457 2708 1616 2772 Johannis
1631 2707 1806 2791 Pydemsn,

305 2798 464 2863 Johannis
487 2796 602 2882 Precy,
627 2798 757 2861 Ricardi
785 2799 888 2876 Hom,
915 2796 1076 2861 iohannis
1103 2796 1235 2876 Brecbe,
1261 2795 1421 2860 Johannis
1447 2795 1635 2870 Blalrrrolle,
1649 2795 1808 2862 iohannis

304 2885 460 2969 Coupere,
492 2884 650 2949 Willelmi
682 2884 785 2968 Yong‚
815 2886 905 2948 Petri
943 2884 1159 2962 Marshemsn,
1189 2889 1224 2947 et
1254 2883 1412 2946 Willelmi
1449 2882 1581 2967 Bright,
1616 2884 1810 2968 juratorum,

303 2974 487 3058 juratorum
502 2971 543 3036 de
559 2971 728 3036 hundredo
742 2973 782 3036 de
800 2972 995 3049 Frusteleld,
1014 2971 1071 3055 qui
1086 2971 1202 3035 dicunt
1217 2991 1315 3054 super
1342 2977 1582 3034 sacramentum
1609 2991 1705 3035 suum
1722 2975 1807 3056 quod

303 3080 416 3124 omnes
442 3079 578 3142 persons
599 3060 634 3122 in
660 3062 725 3123 ista
740 3060 958 3143 inquisicione
973 3060 1143 3122 nominate
1158 3065 1236 3123 sunt
1252 3059 1376 3135 seinte,
1390 3058 1634 3142 possessionate,
1648 3063 1683 3123 et
1698 3079 1809 3124 eorum

302 3147 448 3233 quelibet
465 3153 515 3209 est
532 3146 644 3210 seisita
658 3153 693 3210 et
708 3149 948 3230 possessionata
963 3147 1004 3210 de
1019 3147 1113 3211 terris
1128 3153 1164 3210 et
1178 3145 1378 3210 tenementis
1394 3147 1430 3208 in
1444 3145 1610 3209 dominico
1625 3166 1683 3209 suo
1707 3152 1744 3211 ut
1769 3147 1810 3212 de

304 3235 405 3299 libero
430 3238 629 3312 tenemento,
653 3241 688 3297 et
712 3241 825 3299 tenent
850 3255 907 3299 seu
934 3239 1035 3312 tenet,
1060 3233 1156 3297 modo
1181 3239 1215 3296 et
1240 3233 1345 3298 forms
1367 3233 1424 3316 qni
1449 3238 1618 3317 sequntur,
1645 3233 1809 3312 videlicet,

307 3322 393 3407 quod
403 3346 457 3387 :-

349 3509 506 3573 Ricardus
521 3509 588 3592 Lye
603 3514 694 3572 tenet
708 3509 900 3572 immediate
913 3508 955 3572 de
972 3507 1091 3572 Briano
1106 3507 1147 3571 de
1160 3505 1335 3592 Stapulton
1351 3513 1440 3571 certa
1455 3512 1558 3572 terres
1573 3513 1607 3572 et
1620 3512 1809 3574 tenementa

304 3599 339 3662 in
355 3597 546 3673 Lanasosn,
562 3617 624 3680 que
639 3595 891 3680 superfuerunt
907 3594 1068 3662 Jobannis
1084 3595 1161 3680 Lye,
1178 3615 1235 3679 per
1251 3595 1425 3659 servicium
1440 3615 1497 3660 un.
1513 3594 1536 3660 f.
1552 3617 1597 3661 m.

348 3733 487 3798 Thomas
501 3733 688 3818 Ryngwode
702 3739 796 3798 tenet
810 3733 1005 3798 immediate
1019 3733 1060 3796 de
1075 3731 1225 3799 Johanne
1241 3731 1390 3811 Fastolff,
1406 3733 1524 3811 milite,
1541 3739 1579 3797 ut
1601 3733 1640 3796 de
1667 3736 1810 3799 manerio

303 3843 362 3887 suo
376 3823 417 3885 de
432 3820 666 3901 Castelcombe,
681 3830 772 3884 certa
796 3828 902 3885 terras
924 3827 959 3884 et
985 3825 1177 3884 tenemento
1203 3821 1237 3883 in
1261 3820 1466 3898 Wnnnssns,
1485 3841 1546 3906 que
1560 3840 1665 3904 nuper
1680 3822 1810 3886 suomnt

303 3908 465 3976 «Iohannis
479 3908 510 3972 le
525 3907 671 3991 Englise,
689 3929 746 3992 per
761 3909 934 3972 servicium
949 3909 1051 3971 trium
1066 3909 1211 3991 partium
1226 3908 1249 3972 f.
1266 3927 1321 3972 un.
1338 3929 1384 3972 m.

345 4047 469 4109 Dicunt
494 4047 598 4108 eciam
622 4045 759 4129 predicti
783 4047 942 4131 juratores
971 4045 1059 4130 quod
1087 4045 1176 4108 nulle
1202 4052 1278 4109 sunt
1303 4044 1367 4107 alie
1397 4063 1533 4128 persone
1563 4046 1632 4109 sive
1658 4051 1809 4111 tenentes

303 4135 388 4198 infra
413 4131 620 4196 hundredum
649 4133 843 4217 predictum,
871 4134 983 4196 scisite
1007 4134 1042 4195 in
1070 4131 1235 4194 dominico
1265 4152 1324 4195 suo
1346 4131 1540 4196 immediate
1570 4140 1609 4196 ut
1638 4133 1678 4196 de
1706 4133 1808 4198 libero

304 4227 504 4298 tenemento,
519 4219 606 4283 unde
631 4220 734 4284 iidem
761 4240 895 4304 persone
916 4221 982 4283 sive
1007 4227 1158 4283 tenentes
1182 4219 1412 4303 possessionati
1435 4220 1592 4298 existunt,
1616 4222 1674 4302 qui
1697 4225 1810 4285 tenent
1890 4216 1893 4224 '

305 4329 363 4394 per
376 4309 542 4390 integmm
559 4307 582 4373 l.
598 4329 643 4372 m.
660 4307 884 4385 medietatem,
901 4308 1047 4383 terciam,
1065 4306 1115 4373 vel
1130 4312 1280 4389 quartam
1295 4311 1422 4390 partem
1438 4326 1493 4371 un.
1511 4305 1534 4372 i.
1551 4329 1596 4374 m.
1613 4308 1781 4373 inclusive.

349 4443 389 4507 In
404 4442 498 4529 cujus
512 4444 560 4506 rei
577 4445 808 4508 testimonium
824 4449 888 4510 etc.

712 4757 933 4824 Hnuuasnurr
956 4781 1000 4825 na
1023 4757 1407 4827 HEGHTRESBURY.

347 4896 528 4980 Inquisitio
557 4899 653 4976 capta
681 4894 769 4976 apud
800 4894 1011 4978 Wermystre,
1041 4899 1095 4960 die
1126 4897 1217 4963 Jovis
1254 4895 1401 4978 proximo
1438 4900 1511 4979 post
1541 4895 1662 4959 festum
1699 4895 1811 4963 Sancti

303 4984 460 5062 Barnabe,
478 4981 637 5066 Apostoli,
654 5000 740 5044 anno
765 4984 859 5064 regni
883 4985 968 5068 regis
991 4983 1127 5048 Henrici
1143 4985 1226 5049 sexti
1255 4989 1329 5067 post
1355 4987 1567 5066 conquestum
1583 4988 1687 5061 sexto,
1704 5005 1810 5048 coram

303 5071 450 5138 Johanne
475 5068 578 5152 Psyn,
603 5068 744 5131 Roberto
767 5067 873 5153 Erley,
902 5068 1053 5136 Johsnne
1077 5071 1212 5155 Sturmy
1237 5071 1278 5135 de
1305 5069 1455 5148 Axeford,
1484 5066 1634 5136 iohanne
1660 5069 1747 5154 Bryd
1769 5072 1810 5136 de

305 5157 522 5241 Marlebnrgh,
539 5156 681 5218 Henrico
697 5153 852 5238 Badeley,
870 5156 890 5222 J
892 5155 1021 5221 ohanne
1037 5158 1172 5243 Sturmy
1187 5158 1228 5222 de
1249 5155 1506 5234 Wschenesfeld,
1533 5155 1681 5222 Johanne
1708 5157 1809 5243 Buye,

304 5243 470 5308 Willelmo
486 5244 572 5306 Lord
585 5242 627 5306 de
644 5241 736 5305 Nova
751 5240 946 5323 Sarisburia,
963 5250 995 5308 et
1012 5245 1160 5311 Johsune
1176 5245 1364 5309 Mountfort
1379 5243 1419 5307 de
1434 5242 1502 5328 Lys
1511 5243 1610 5327 juxte
1627 5243 1808 5330 Westbury,

302 5330 526 5395 collectoribus
540 5328 679 5394 subsidii
694 5328 819 5394 domini
836 5332 922 5414 regis
936 5332 972 5395 in
988 5332 1148 5396 comitstn
1165 5332 1281 5397 Wiltes
1306 5333 1339 5395 in
1369 5329 1486 5394 ultimo
1512 5329 1730 5416 parliamento
1753 5353 1811 5397 suo
