4092 6117
276 552 340 615 254
902 541 1173 612 WILTSHIRE.

323 831 515 896 Edmundus
531 831 660 916 Oheyne
676 838 767 896 tenet
781 831 959 895 inmediate
974 829 1016 893 de
1031 829 1161 893 domino
1176 849 1250 914 rege
1264 832 1352 892 certa
1366 839 1466 891 terras
1481 831 1515 891 et
1540 830 1728 890 tenementa
1751 827 1788 888 in

279 921 519 999 Drcnnnrcen,
535 941 598 1003 que
613 941 716 1004 nuper
730 921 865 983 inerunt
878 918 1029 1002 lingonis
1043 916 1085 980 de
1101 915 1234 999 Knoyll,
1248 936 1304 999 per
1319 915 1487 978 servicium
1503 915 1549 977 di.
1563 914 1586 978 f.
1601 934 1647 980 m.

323 1051 448 1115 Dicunt
463 1054 567 1116 eciam
581 1052 721 1137 predicti
736 1053 908 1138 juratores,
921 1049 1007 1134 qnod
1022 1067 1087 1112 non
1103 1053 1178 1111 sunt
1197 1049 1265 1111 'alie
1289 1067 1419 1131 persone
1444 1049 1508 1111 sive
1534 1051 1682 1110 tenemes
1705 1043 1789 1109 inira

285 1135 490 1204 hundredum
513 1141 698 1224 predictum
722 1140 825 1202 seisiti
847 1140 881 1201 in
908 1137 1071 1201 dominico
1096 1157 1153 1200 suo
1175 1135 1355 1199 inmediate
1378 1139 1416 1198 nt
1430 1136 1470 1198 de
1486 1133 1587 1198 libem
1602 1137 1789 1197 tenemento

280 1226 366 1289 unde
381 1226 482 1290 iidem
498 1248 632 1311 persone
646 1229 715 1291 sive
729 1231 878 1290 tenentes
901 1226 1135 1310 posseseionate
1156 1224 1311 1302 existunt,
1326 1223 1384 1306 qui
1408 1227 1518 1286 tenent
1540 1241 1599 1306 per
1623 1222 1787 1306 integrum

279 1313 410 1377 feodum
426 1315 553 1394 militis,
571 1315 794 1392 medietatem,
809 1315 955 1390 terciam,
970 1312 1019 1376 vel
1035 1321 1183 1394 quartam
1199 1315 1323 1396 partem
1338 1331 1394 1373 un.
1409 1309 1431 1376 f.
1448 1330 1494 1376 m.
1510 1308 1679 1374 inclusive.

324 1453 364 1516 In
379 1452 471 1537 cujus
486 1454 534 1516 rei
552 1453 784 1516 testimonium
797 1456 862 1517 eto.

734 1721 955 1786 Hurnasnuu
976 1742 1020 1786 ns
1043 1718 1342 1787 DONEWORTH.

324 1855 499 1940 Inquisicio
514 1864 609 1940 capta
623 1857 710 1940 apud
727 1857 908 1942 Tissebmy,
923 1859 977 1922 die
991 1859 1082 1924 «Iovis
1103 1857 1249 1941 proximo
1272 1861 1345 1940 post
1367 1857 1488 1920 festum
1513 1853 1623 1918 Sancti
1644 1851 1788 1917 Barnabe

280 1943 436 2027 Apostoli,
452 1964 536 2006 anno
562 1946 656 2027 regni
682 1946 768 2030 regis
794 1945 927 2008 Henrici
952 1947 1035 2008 sexti
1064 1952 1135 2029 post
1163 1947 1373 2026 conquestum
1401 1949 1502 2021 sexto,
1518 1961 1625 2005 coram
1640 1936 1787 2004 Johanue

283 2031 385 2115 Payn‚
400 2030 539 2094 Roberto
555 2031 662 2115 Erley,
679 2031 828 2096 Jobanne
843 2029 977 2116 Sturmy
992 2033 1032 2096 de
1049 2030 1199 2106 Axeford,
1214 2031 1361 2094 Jobanne
1388 2028 1475 2114 Bryd
1500 2030 1539 2092 de
1568 2024 1788 2109 Marleburgb,

281 2117 422 2181 Henrico
438 2117 604 2202 Bradeley‚
612 2119 633 2180 J
635 2117 761 2181 ohanne
777 2119 910 2201 Sturmy
921 2120 962 2182 de
978 2117 1391 2195 Wacbenesfelddohanne
1407 2115 1509 2200 Buye‚
1524 2115 1687 2180 Willelmo
1703 2113 1787 2177 Lord

281 2206 321 2268 de
337 2205 429 2268 Nova
442 2204 635 2282 Sarisburia,
649 2211 684 2269 et
707 2203 857 2270 Jobanne
882 2206 1065 2270 Mountiort
1088 2207 1128 2269 de
1153 2206 1218 2288 Lye
1240 2205 1337 2288 juxta
1353 2203 1538 2287 Westhnry,
1562 2200 1788 2266 collectoribus

282 2292 419 2355 subsidii
441 2292 567 2355 domini
590 2290 674 2377 regis
699 2294 735 2356 in
761 2295 923 2358 comitatu
939 2295 1056 2358 Wiltes
1076 2295 1110 2357 in
1133 2293 1251 2356 ultimo
1273 2292 1488 2375 parliamento
1511 2311 1568 2354 suo
1592 2295 1685 2354 tento
1702 2289 1789 2373 apud

281 2379 608 2443 westmonasterium
634 2381 670 2442 in
693 2381 857 2463 quindena
884 2382 995 2448 Sancti
1022 2380 1195 2444 Michaelis
1221 2379 1341 2443 ultimo
1369 2379 1524 2461 preterita
1546 2378 1702 2452 concessi,
1730 2396 1788 2460 per

282 2471 522 2530 sacramentum
540 2466 697 2530 Willelmi
712 2466 864 2548 Parbam‚
880 2468 1040 2532 Willelmi
1055 2467 1305 2545 Wodemanton,
1329 2462 1454 2528 Thorne
1477 2464 1593 2544 Hatte,
1616 2464 1787 2528 laurencii

281 2551 431 2637 Pynnolr‚
460 2552 620 2617 Jobannis
650 2552 916 2634 Whitemersshe‚
947 2554 1079 2619 Ricardi
1109 2554 1238 2636 Gollay,
1273 2550 1435 2617 Jobannis
1471 2553 1628 2638 Turgeys,
1666 2551 1788 2615 Thomu

282 2639 413 2724 Smyth,
428 2639 590 2705 Jobannis
605 2640 768 2725 Haytour‚
782 2642 903 2706 Thome
919 2642 1087 2721 Sampson,
1103 2640 1279 2705 Octobonis
1304 2639 1446 2719 Thorne,
1459 2644 1493 2703 et
1508 2639 1606 2702 Alani
1621 2636 1786 2716 Bokeden‚

282 2729 478 2811 juratorum,
488 2727 676 2810 juratorum
691 2729 731 2792 de
746 2727 918 2794 hundredo
935 2731 977 2793 de
992 2726 1201 2807 Doneworth‚
1215 2729 1273 2812 qni
1296 2727 1413 2791 dicunt
1435 2747 1533 2812 super
1549 2733 1788 2789 sacramentnm

283 2835 380 2879 sunm
417 2815 503 2900 quod
540 2835 652 2879 omnes
688 2837 822 2900 persone
858 2819 894 2881 in
930 2819 997 2881 iata
1033 2817 1247 2903 inquisicione
1284 2815 1450 2878 nominate
1488 2820 1566 2876 sunt
1602 2813 1712 2877 saisite
1752 2819 1787 2876 et

281 2903 526 3053 pcaqessipnate,
542 2909 575 2965 et
590 2923 703 3053 eoquqr
717 2904 929 3054 qdllibettest
944 2906 1058 3055 seisitta
1073 2912 1111 3054 eq
1123 2902 1413 3054 ptqssesqionatatede
1423 2901 1528 3052 dendd
1540 2906 1574 2966 et
1582 2901 1787 3050 tlefuementis

281 3010 317 3053 1n
363 3009 503 3052 omrmco
526 3009 585 3053 suo
609 3010 631 3051 u
692 3013 710 3053 e
748 3011 757 3053 ι
800 3012 834 3055 ro
875 3011 1014 3056 enemen
1032 3012 1096 3070 0,e
1170 3010 1232 3054 nen
1273 3010 1331 3052 seu
1380 3009 1420 3052 ne
1452 3010 1486 3052 m
1527 3009 1581 3052 oe
1624 3006 1716 3051 orma
1753 3007 1786 3050 ur

281 3083 449 3161 sequntur,
466 3075 622 3141 videlieet
637 3079 724 3160 quod
736 3101 790 3144 ε-
1729 3007 1750 3072 q

324 3260 496 3324 Abbatissa
510 3259 681 3324 Sbaitonie
704 3267 796 3325 tenet
818 3263 1013 3328 immediate
1039 3263 1080 3327 de
1102 3265 1224 3330 comite
1247 3263 1427 3329 Sarisburie
1451 3282 1580 3348 perun.
1596 3263 1619 3328 f.
1636 3282 1682 3330 m.
1699 3267 1788 3325 certa

282 3353 384 3411 terras
409 3353 444 3411 et
469 3353 661 3411 tenements
688 3350 722 3411 in
753 3349 902 3417 Dnnnsn
930 3351 1044 3417 Murus
1069 3359 1102 3416 et
1132 3353 1279 3418 Duunsn
1302 3353 1455 3431 Asnaus,
1480 3349 1662 3434 parcellam‘
1682 3349 1787 3413 tocius

283 3434 414 3498 baronie
440 3455 497 3498 sue
522 3455 619 3518 quarn
643 3440 736 3500 tenet
761 3458 819 3521 per
842 3439 905 3501 tria
930 3439 951 3502 f.
969 3441 1066 3504 min
1090 3460 1206 3526 puram
1228 3439 1450 3518 elemosinam,
1467 3445 1503 3501 et
1526 3437 1623 3502 solvit
1643 3437 1787 3500 decimas

282 3521 412 3607 quando
427 3521 551 3586 decime
565 3528 710 3586 currunt.

325 3659 496 3723 Abbatissa
512 3658 667 3723 Wiltonie
689 3666 782 3724 tenet
807 3662 997 3727 immediate
1022 3664 1063 3728 dc
1077 3685 1152 3750 rege
1167 3669 1271 3728 tot-am
1285 3664 1453 3727 baroniam
1469 3683 1561 3726 suam
1576 3662 1612 3726 in
1626 3661 1787 3726 comitatu

283 3746 401 3810 Wiltes
415 3766 543 3831 perun.
558 3746 582 3812 f.
598 3768 644 3813 m.
660 3753 695 3810 et
709 3747 809 3811 solvit
824 3748 902 3813 inde
917 3750 1051 3815 domino
1065 3754 1133 3837 regi
1148 3752 1301 3830 decimas,
1316 3751 1448 3835 quando
1462 3751 1588 3815 decima
1602 3757 1749 3814 currunt.

326 3883 419 3947 Prior
433 3881 546 3946 Sancti
560 3881 720 3948 Jobannis
734 3885 773 3949 de
788 3885 975 3951 Jerusalem
989 3889 1026 3951 in
1041 3890 1160 3973 Anglia
1175 3896 1265 3953 tenet
1279 3895 1368 3953 certa
1382 3897 1486 3953 terras
1500 3893 1534 3952 et
1549 3892 1736 3953 tenementa
1751 3887 1786 3950 in

282 3973 416 4039 Auerna
445 3970 637 4034 immediate
675 3972 716 4035 de
752 3993 834 4058 rege,
863 3995 926 4057 que
954 3997 1058 4060 nuper
1087 3977 1218 4041 fuerunt
1253 3977 1369 4060 prioris
1407 3975 1520 4041 Sancti
1549 3973 1710 4040 Jobannis
1745 3974 1786 4038 de

282 4057 463 4123 Jerusalem
478 4059 514 4120 in
529 4057 662 4142 Anglia,
678 4079 737 4142 per
751 4081 806 4124 un.
823 4062 846 4128 f.
862 4083 909 4128 m.

326 4195 510 4260 Willelmus
526 4196 646 4276 Iovell,
662 4197 814 4278 chivaler,
831 4205 925 4264 tenet
948 4201 1140 4266 immediate
1163 4202 1203 4266 ds
1224 4221 1299 4286 rege
1313 4207 1404 4264 certa
1419 4206 1522 4265 terras
1537 4205 1572 4264 et
1586 4203 1785 4277 tenementa,

282 4302 345 4366 que
359 4303 463 4367 nuper
477 4283 612 4347 fuerunt
626 4283 646 4347 J
648 4285 785 4349 ohannis
799 4287 840 4350 de
854 4287 1073 4351 Brudeserthe
1088 4291 1123 4352 in
1138 4291 1398 4366 Baunussarns,
1414 4309 1471 4372 pro
1485 4287 1530 4351 di.
1546 4284 1569 4352 f.
1585 4307 1629 4352 m.

328 4420 510 4485 willelmus
525 4421 647 4501 Lovell,
662 4423 815 4504 chivaler,
833 4431 926 4489 tenet
940 4427 1134 4491 immediate
1149 4427 1189 4490 de
1203 4447 1279 4512 rege
1294 4431 1381 4490 certa
1407 4429 1564 4489 terreret
1589 4429 1787 4502 tenemento,

283 4529 345 4593 qne
359 4529 463 4594 nuper
477 4509 610 4572 inerunt
623 4507 784 4575 Jobannis
799 4513 838 4576 de
854 4512 978 4592 Scures,
994 4515 1028 4576 in
1046 4515 1227 4593 Wranonn,
1245 4533 1303 4597 per
1318 4519 1468 4598 quartam
1490 4519 1615 4595 partem
1631 4530 1686 4576 un.
1704 4511 1726 4574 f.
1741 4531 1786 4576 m.

328 4645 528 4730 Reginaldus
543 4644 645 4724 West,
661 4644 814 4727 cbivaler,
830 4647 984 4719 dominus
998 4650 1038 4714 de
1052 4650 1084 4713 la
1100 4649 1220 4728 Warre,
1234 4653 1327 4714 tenet
1351 4649 1545 4712 immediate
1559 4648 1600 4711 de
1615 4683 1789 4696 ---

283 4737 380 4884 qqrtq
396 4739 505 4885 1inertas
535 4743 571 4796 et
597 4739 793 4814 tenemento,
807 4757 883 4823 que
912 4757 1014 4821 nuper
1044 4739 1178 4802 fuerunt
1207 4735 1363 4801 Jobannis
1393 4735 1484 4806 West
1513 4735 1548 4798 in
1577 4735 1702 4814 Esnort,
1733 4755 1788 4818 per

328 4931 420 4995 Idem
451 4932 650 5016 Reginaldus
679 4939 770 4996 tenet
799 4935 993 5000 immediate
1022 4936 1062 5000 de
1092 4937 1253 5000 abbatissa
1282 4935 1453 4999 Sbsitonie
1488 4939 1579 4998 certa
1614 4938 1717 4997 terras
1754 4939 1789 4997 et

285 5023 485 5098 tenementa,
502 5038 566 5101 que
582 5039 686 5104 nuper
699 5022 831 5085 fuerunt
845 5021 1004 5087 Jobannis
1019 5025 1061 5088 de
1077 5023 1236 5103 Cranerle,
1263 5021 1283 5085 J
1287 5022 1394 5086 uliane
1409 5023 1448 5086 de
1463 5021 1603 5101 Teroua,
1619 5028 1653 5085 et
1668 5020 1789 5108 Rogeri

283 5104 421 5186 Gunter,
437 5107 473 5169 in
487 5107 558 5173 Esr
573 5107 724 5186 Hsccus,
740 5129 869 5192 perun.
886 5109 910 5176 f.
927 5132 973 5177 m.

327 5241 490 5308 Henricns
514 5242 673 5329 Stanlegb
702 5249 798 5310 tenet
826 5247 1018 5312 immediate
1048 5249 1089 5312 de
1118 5247 1282 5312 abbatissa
1311 5243 1480 5310 Sbaftonie
1510 5251 1598 5310 certa
1627 5251 1732 5311 terras
1756 5252 1790 5310 et

282 5333 480 5411 tenementa,
496 5350 561 5415 qne
573 5351 679 5414 nuper
693 5333 827 5401 fuerunt
842 5332 1002 5399 Jobannis
1016 5334 1122 5419 Wyke
1135 5336 1171 5398 in
1187 5333 1362 5412 biremes,
1377 5353 1435 5418 per
1449 5332 1494 5401 di.
1509 5333 1533 5400 f.
1550 5353 1596 5400 nr.
