4092 6117
270 586 332 652 326
516 580 520 587 ’
879 585 1167 654 WORGESTER.

269 875 453 960 Ingrehnm,
491 877 647 940 Johnnnis
684 877 839 953 Brewere,
869 875 1029 943 Willelmi
1064 874 1221 960 Gylbard
1248 873 1408 942 Willelmi
1446 870 1580 949 Dovler,
1617 866 1775 932 Johnnnir

269 962 446 1042 Gardener,
461 963 584 1027 Thome
598 963 763 1047 Simlryns,
780 964 917 1029 Walteri
945 961 1116 1048 Pcddyng,
1138 962 1269 1026 Ricardi
1294 961 1454 1044 Hedeley,
1469 957 1612 1022 Simonis
1628 952 1773 1030 Dawkes,

270 1049 404 1114 Rcberti
430 1051 583 1130 Brevem,
608 1051 739 1115 Ricardi
763 1054 878 1129 Acten,
901 1051 1085 1137 juratorum
1110 1059 1316 1114 oneratorum
1346 1069 1403 1132 pro
1428 1066 1505 1131 rege
1535 1044 1576 1109 de
1605 1040 1773 1106 hundredo

267 1136 416 1219 predicto
430 1139 548 1201 dicunt
563 1159 659 1223 super
673 1147 915 1202 sacramentnm
930 1158 1025 1202 suum
1045 1137 1130 1222 quod
1142 1161 1195 1204 :—

312 1322 469 1387 Ricardue
494 1326 599 1388 Acten
624 1325 664 1388 de
690 1324 889 1408 Ombresley,
914 1325 948 1387 in
975 1326 1134 1389 comitatu
1159 1324 1313 1406 predicto,
1340 1323 1477 1407 esquier,
1501 1319 1600 1385 hebet
1625 1326 1726 1384 terres
1740 1323 1775 1381 et

270 1414 461 1474 tenemente
489 1413 576 1495 apud
606 1413 807 1480 Oununeunr
835 1414 870 1475 in
899 1413 1074 1492 dominico,
1106 1420 1144 1475 ut
1171 1413 1211 1476 de
1236 1412 1336 1475 libero
1361 1415 1563 1486 tenemento,
1578 1407 1694 1471 valoris
1718 1425 1774 1489 per

269 1518 391 1561 annum
407 1500 494 1562 ultra
509 1499 661 1582 reprisem
677 1521 705 1565 c.
715 1524 742 1566 s.

314 1635 359 1697 Et
372 1635 511 1700 ulterius
526 1636 642 1701 dicunt
656 1637 742 1721 quod
756 1657 822 1701 non
838 1642 915 1700 sunt
930 1636 1024 1720 plnrn
1038 1641 1124 1701 terre
1140 1642 1202 1701 etc.
1222 1642 1269 1714 (ce
1285 1637 1404 1714 above).

313 1773 400 1838 Detn
415 1772 468 1836 die
483 1773 552 1837 loco
567 1781 603 1838 et
617 1793 701 1837 anno
717 1775 921 1857 supradictis.

743 2143 963 2208 Huunnnuun
986 2163 1030 2207 nn
1054 2140 1305 2209 PERSHORE.

314 2277 494 2363 Inquisicic
508 2289 603 2363 capte
618 2279 705 2363 apud
721 2279 871 2344 Centrum
886 2279 1061 2364 Wygornie
1086 2281 1120 2342 in
1148 2279 1243 2362 pleno
1265 2279 1426 2342 comitutu
1453 2277 1576 2341 ibidem
1590 2276 1644 2342 die
1659 2275 1776 2339 Martis

269 2369 416 2448 proxima
430 2379 505 2449 post
519 2368 642 2431 festum
655 2367 768 2431 Sancti
780 2367 919 2431 Martini
934 2387 1019 2430 enno
1033 2367 1126 2451 regni
1142 2367 1227 2448 regis
1237 2366 1371 2430 Henrici
1383 2367 1464 2428 sexti
1478 2371 1552 2448 post
1562 2368 1776 2448 conquestum

271 2453 398 2516 decimo
421 2461 484 2520 etc.
515 2459 562 2531 (cs
589 2456 707 2533 abone),
732 2474 791 2537 per
816 2461 1057 2518 recrementum
1083 2454 1243 2520 Willelmi
1269 2453 1385 2536 Brecy,
1399 2453 1557 2517 Johennis
1571 2451 1612 2515 de
1626 2451 1660 2514 la
1675 2451 1776 2525 Mure,

270 2541 436 2604 Edmnndi
455 2542 568 2625 Pejon,
586 2542 737 2604 Nicholai
754 2541 924 2626 Sambege,
946 2540 1071 2604 Thome
1095 2539 1278 2618 Buliesden‚
1298 2540 1457 2603 Johannie
1482 2539 1603 2622 Neym,
1625 2536 1776 2602 Nicholni

271 2627 377 2709 Pynlr‚
394 2628 552 2693 Willelmi
568 2627 735 2708 Fernvvell,
751 2627 910 2692 Johennis
925 2627 1071 2706 Clifftnn,
1086 2627 1216 2691 Ricardi
1231 2628 1389 2706 Andreus,
1404 2627 1528 2690 Thome
1544 2627 1729 2704 Innoestre,
1741 2633 1776 2688 et

270 2711 394 2777 Thome
413 2715 517 2798 Hyde,
533 2715 714 2801 juratorum
736 2723 941 2780 oneratorum
967 2735 1027 2800 pro
1051 2735 1125 2798 rege
1151 2717 1193 2778 de
1218 2713 1385 2780 hundredo
1412 2715 1566 2798 predicto,
1582 2714 1639 2799 qui
1660 2713 1776 2776 dicunt

272 2821 366 2885 super
380 2814 618 2866 sacrementum
637 2823 731 2866 suum
747 2803 835 2886 quod
846 2829 901 2869 :—

273 3081 281 3095 .
310 2994 478 3143 ξίὶοατάιιε,
493 3014 601 3058 comes
610 2994 805 3074 Wnrrevvici,
820 3002 914 3062 tenet
930 2999 1072 3061 muneris
1086 2997 1128 3060 de
1143 2997 1279 3064 Bucuur
1290 3001 1324 3060 et
1336 2995 1515 3061 Ysunnusr
1531 3014 1589 3078 per
1602 2995 1775 3058 servicium

268 3101 294 3167 J.
326 3131 334 3147 .
351 3102 396 3146 m.

313 3218 406 3282 Idem
423 3239 529 3282 ccmee
544 3224 640 3282 tenet
654 3221 837 3284 manerium
852 3220 894 3285 de
910 3221 1110 3288 Wsnnrnnw
1124 3240 1181 3304 per
1196 3220 1369 3284 servicium
1385 3225 1501 3304 quarte
1516 3218 1616 3304 pertis
1626 3218 1654 3302 j.
1670 3217 1692 3284 f.
1709 3238 1754 3284 m.

314 3355 476 3420 Robertus
491 3357 617 3421 Russeil
633 3358 675 3421 de
690 3357 899 3443 Dormystem
913 3361 1063 3445 armiger,
1078 3360 1117 3423 de
1132 3360 1294 3426 comitutu
1308 3359 1467 3443 predicto,
1483 3363 1573 3423 tenet
1595 3359 1777 3422 manerium

271 3443 310 3506 de
325 3444 527 3510 Donuvsron
543 3465 600 3527 per
615 3445 787 3509 servicium
803 3446 849 3512 di.
865 3448 888 3511 f.
904 3469 950 3512 m.

314 3577 406 3642 Idem
421 3578 580 3643 Robertus
596 3588 685 3645 tenet
699 3584 884 3647 manerium
900 3583 940 3648 de
957 3583 1201 3650 Srunvsnsnsu
1216 3603 1274 3666 per
1289 3583 1461 3646 servicium
1475 3582 1500 3667 j.
1517 3583 1541 3649 f.
1558 3605 1602 3650 m.

313 3715 469 3780 Ricardus
484 3715 636 3796 Hsrwell,
650 3721 802 3806 armiger,
818 3720 859 3784 de
873 3721 1032 3784 comitutu
1048 3720 1195 3804 predicto
1211 3720 1251 3784 de
1269 3719 1412 3798 Besford,
1430 3726 1520 3785 tenet
1537 3721 1716 3786 manerium
1736 3722 1777 3786 de

271 3803 425 3869 Bussonn
440 3824 498 3887 per
513 3808 688 3869 servicium
698 3807 726 3890 j.
743 3809 766 3873 f.
783 3829 830 3873 m.
846 3815 881 3872 et
896 3809 941 3872 di.

315 3937 487 4040 Predictus
500 3960 617 4090 fcomes
643 3942 827 4008 Wsrrevvici
854 3948 942 4009 tenet
959 3944 1141 4008 manerium
1157 3943 1198 4008 de
1213 3943 1354 4010 Hennes
1369 3944 1464 4029 juxte
1480 3945 1704 4014 Msnvnnunsu
1721 3968 1778 4031 per

272 4045 444 4089 servicium
458 4047 484 4111 J.
517 4049 588 4093 .m.

312 4161 458 4246 Egidue
472 4163 612 4249 Brngge‚
628 4167 778 4250 armiger,
793 4167 969 4231 comitetur
984 4166 1200 4246 Gloucestrie,
1214 4174 1307 4232 tenet
1322 4167 1503 4232 manerium
1519 4169 1560 4234 de
1576 4170 1776 4239 Ennssssnn

273 4271 330 4333 per
345 4250 518 4314 servicium
529 4252 557 4334 j.
575 4252 598 4316 f.
615 4273 661 4318 m.

316 4389 481 4454 Johannes
504 4390 544 4452 de
571 4391 603 4454 la
627 4392 711 4463 Mer,
732 4395 883 4478 armiger,
907 4395 1085 4458 comitatus
1100 4394 1286 4479 Wygornie,
1303 4399 1393 4458 tenet
1408 4395 1443 4457 in
1459 4395 1660 4462 Eunnsssnn
1675 4403 1779 4464 serus

271 4483 373 4542 terres
388 4497 445 4560 per
459 4479 632 4541 servicium
648 4479 723 4566 iiij⁸⁶
743 4486 846 4564 pertis
861 4481 907 4546 di.
924 4480 949 4548 f.
966 4503 1012 4548 m.

318 4613 475 4676 Retertus
511 4616 670 4694 Androne,
708 4619 859 4703 armiger,
897 4591 1076 4682 comitetur
1113 4617 1326 4696 Gloucestrie,
1366 4622 1457 4680 tenet
1506 4619 1688 4682 manerium
1737 4621 1778 4684 de

272 4700 473 4767 Ennssruun
487 4711 637 4765 vocatum
652 4704 702 4769 Lu
719 4705 841 4772 Munere
855 4726 911 4790 per
925 4707 1097 4770 servicium
1113 4713 1170 4770 ιω
1188 4705 1293 4787 partis
1307 4705 1331 4790 j.
1347 4705 1370 4769 f.
1386 4724 1430 4770 m.

278 4925 285 4938 θ
313 4835 428 4988 ξοπιες
456 4838 497 4901 de
527 4839 670 4904 Ormond
694 4847 788 4906 tenet
813 4845 993 4910 manerium
1016 4846 1056 4909 de
1083 4845 1221 4910 Pnunov
1249 4863 1305 4926 per
1332 4841 1502 4905 servicium
1531 4857 1646 4928 quarte
1672 4847 1775 4928 pertis

273 4947 298 5011 J.
329 4947 399 4990 .m.

315 5063 473 5125 Ricardnr
487 5061 607 5143 Foliot,
622 5068 773 5150 armiger,
787 5069 966 5133 comitatus
980 5070 1169 5154 Wygomie,
1183 5071 1223 5132 de
1238 5067 1379 5146 Piriton,
1396 5073 1488 5132 tenet
1501 5075 1606 5132 certes
1620 5076 1720 5132 terren
1741 5071 1775 5134 in

136 5201 149 5226 ,
274 5151 412 5216 Puuron
429 5170 486 5232 per
498 5155 670 5216 servicium
686 5154 745 5239 vj⁸⁰
765 5157 870 5238 pertis
884 5156 909 5241 j.
925 5157 949 5222 f.
965 5177 1010 5222 m.

317 5285 478 5348 Henricns
502 5286 669 5368 Greyndor
692 5288 733 5351 de
759 5289 892 5353 Mortcn
918 5293 954 5354 in
968 5294 1131 5356 comitutu
1147 5291 1332 5376 Wygornie,
1347 5291 1500 5376 armiger,
1524 5297 1612 5354 tenet
1635 5295 1778 5357 muneris

272 5373 313 5435 de
329 5372 471 5438 Monrcu
486 5374 622 5454 Femur,
640 5375 835 5455 Loseunou,
853 5387 887 5442 et
903 5379 1102 5446 Curuusnur
1118 5399 1174 5462 per
1189 5379 1362 5442 servicium
1378 5378 1424 5444 di.
1440 5379 1463 5444 f.
1480 5400 1524 5443 m.
