4092 6117
907 577 989 644 As).
1015 582 1112 645 1428.
1693 575 1756 640 285

293 864 456 943 Johanna,
470 886 534 949 que
548 867 614 930 fuit
636 887 717 930 uxor
731 865 884 931 Nioholai
900 867 1062 952 Beyntou,
1080 875 1173 932 tenet
1188 867 1381 932 immediate
1395 869 1431 930 iu
1446 867 1613 942 Goussou,
1627 865 1669 928 de
1684 885 1759 949 quo,

250 953 299 1015 vel
314 953 354 1016 de
368 953 498 1036 quibus,
512 955 678 1038 ignorant,
700 961 791 1019 certa
814 960 920 1020 terras
942 968 978 1021 et
1001 960 1204 1034 tenementa,
1226 976 1289 1040 que
1312 974 1417 1039 nuper
1442 957 1575 1018 fuerunt
1601 950 1757 1016 heredum

249 1038 362 1103 Jacobi
377 1042 417 1104 de
432 1041 464 1103 la
479 1039 656 1120 Plaunche,
671 1063 728 1126 per
743 1043 916 1107 servicium
931 1042 977 1107 di.
993 1043 1017 1109 f.
1035 1064 1079 1109 m.

294 1179 416 1242 Dicunt
432 1179 572 1243 ulterius
586 1181 731 1265 predicti
741 1181 916 1266 juratores,
932 1184 1020 1267 quod
1044 1203 1108 1247 non
1134 1189 1211 1246 sunt
1237 1183 1303 1246 alie
1329 1201 1476 1264 persone,
1503 1183 1571 1243 sive
1596 1183 1760 1256 tenentes,

250 1267 334 1330 infra
363 1267 570 1331 hundredum
600 1268 786 1351 predictum
817 1272 928 1334 scisite
956 1273 992 1333 in
1022 1270 1191 1333 dominico
1220 1291 1278 1332 suo
1299 1269 1490 1334 immediate
1521 1273 1559 1329 ut
1587 1267 1628 1329 de
1657 1265 1759 1329 libero

251 1361 445 1417 tenemento
459 1355 548 1418 unde
564 1357 679 1418 eedem
706 1377 854 1440 persone,
868 1358 936 1420 sive
962 1363 1126 1436 tenentes,
1143 1343 1382 1446 possesbionate
1398 1356 1556 1433 existunt,
1571 1355 1629 1439 qui
1644 1359 1759 1416 tenent

251 1461 306 1524 per
319 1442 489 1526 integrum
503 1443 636 1506 feodum
659 1444 789 1523 militis,
812 1446 1043 1522 medietatem,
1058 1447 1209 1522 terciam,
1223 1446 1274 1508 vel
1292 1449 1443 1527 quartam
1459 1446 1586 1527 partem
1602 1461 1658 1505 un.
1675 1441 1698 1504 f.
1714 1461 1759 1506 m.

250 1529 419 1593 inclusive.

294 1665 332 1730 In
347 1668 441 1752 cujus
456 1667 504 1730 rei
519 1668 750 1732 testimonium
767 1677 832 1737 etc.

685 2007 907 2075 Houoasnou
930 2031 975 2074 os
997 2006 1327 2077 MALMESBURY.

297 2142 479 2227 Inquisicio
504 2150 601 2228 capta
623 2147 711 2230 apud
736 2145 977 2233 Chippenham,
991 2148 1045 2211 die
1073 2147 1227 2210 Mercurii
1255 2146 1406 2228 proximo
1420 2149 1495 2226 post
1509 2145 1632 2208 festum
1648 2145 1761 2210 Sancti

254 2229 411 2308 Bamabe,
428 2231 588 2314 Apostoli,
606 2253 694 2297 anno
719 2236 814 2318 regni
841 2237 928 2321 regis
955 2235 1093 2298 Heurici
1119 2235 1203 2298 sexti
1219 2239 1294 2316 post
1309 2237 1523 2314 conquestum
1538 2239 1639 2310 serto,
1654 2253 1760 2296 coram

254 2315 400 2381 Johanne
426 2317 528 2402 Payn,
553 2317 697 2384 Roberto
723 2321 831 2405 Erley‚
859 2322 1010 2386 Johanne
1040 2321 1184 2404 Sturmy,
1200 2321 1241 2383 de
1257 2319 1410 2395 Axeford,
1432 2317 1583 2382 Johanne
1606 2319 1706 2402 Bryd,
1721 2321 1761 2382 de

254 2403 475 2488 Marleburgb‚
491 2407 633 2470 chrico
649 2406 821 2492 Bradeley,
835 2408 988 2474 Johanne
1004 2409 1153 2490 Sturmy,
1167 2409 1208 2471 de
1223 2404 1482 2484 Wacbenesield,
1496 2403 1646 2471 Johanne
1661 2405 1763 2491 Buye,

254 2492 419 2556 Willelmo
450 2493 547 2572 bord,
579 2495 618 2557 de
648 2495 741 2558 Nova
777 2497 971 2574 Sarisburia,
1007 2502 1042 2560 et
1080 2493 1227 2560 Johanne
1258 2493 1462 2572 Mountiord‚
1493 2494 1533 2556 de
1564 2496 1631 2577 Lye
1665 2495 1762 2579 juxta

254 2579 439 2663 Westbury,
469 2581 696 2646 collectoribus
733 2583 871 2647 subsidii
901 2585 1029 2648 domini
1060 2583 1147 2669 regis
1176 2583 1209 2644 in
1240 2582 1404 2644 comitatu
1435 2581 1554 2647 Wiltes
1583 2582 1617 2644 in
1643 2582 1762 2645 ultimo

253 2667 468 2749 parliamento
485 2688 543 2730 suo
558 2675 652 2733 tento
666 2671 752 2754 apud
762 2671 1088 2736 westmonasterium
1103 2673 1136 2734 in
1150 2670 1316 2755 quindena
1331 2669 1443 2732 Sancti
1460 2667 1629 2732 Michaelis
1642 2668 1762 2732 ultimo

253 2757 410 2836 preterita
425 2758 581 2834 concessi,
596 2777 653 2841 per
668 2769 908 2822 sacramentum
923 2759 1077 2822 Edwardi
1088 2758 1303 2834 Paternoster,
1315 2753 1475 2818 Johannis
1486 2755 1581 2839 Frye,
1594 2755 1762 2842 Radulphi

254 2839 385 2924 Felyoe,
403 2842 564 2907 Willelmi
588 2845 726 2924 Hasard,
750 2845 912 2910 Johannis
939 2846 1157 2923 Bremelham,
1185 2843 1345 2910 Willelmi
1369 2841 1574 2922 Bailemond,
1602 2841 1762 2908 Jobannis

254 2927 432 3008 Bokelond,
462 2930 614 2994 Nioholai
644 2932 721 3016 Eyr,
747 2931 872 2998 Thome
904 2934 1050 3010 Bolvell,
1074 2930 1199 2996 Thome
1229 2931 1362 3014 Helyer,
1393 2929 1523 2995 Ricardi
1554 2931 1701 3009 Huberd‚
1728 2937 1763 2994 et

253 3015 409 3081 Willelmi
426 3015 543 3094 North,
554 3019 751 3102 juratomm,
767 3022 951 3106 juratorum
967 3021 1131 3086 hundredi
1146 3022 1187 3083 de
1203 3018 1435 3103 Mslme'sbury,
1449 3017 1505 3104 qui
1528 3019 1642 3083 dicunt
1667 3039 1764 3101 super

253 3111 493 3169 sacramentum
509 3127 616 3186 suum,
635 3108 722 3193 quod
736 3129 848 3172 omnes
863 3129 999 3192 persone
1013 3112 1049 3172 in
1065 3110 1130 3172 ista
1144 3107 1361 3190 inquisicione
1375 3109 1544 3170 nominate
1559 3112 1636 3170 sunt
1652 3107 1764 3170 seisite

252 3196 287 3253 et
315 3193 566 3275 possessiosate‚
597 3201 633 3258 et
662 3216 775 3258 eorum
804 3196 952 3282 quelibet
981 3204 1034 3260 est
1064 3195 1179 3260 seisita
1207 3201 1241 3258 et
1270 3195 1511 3278 possessionats
1539 3193 1579 3256 de
1604 3195 1701 3258 terris
1729 3199 1764 3257 et

252 3281 455 3343 tenementis
468 3281 503 3343 in
519 3281 686 3345 dominico
701 3303 759 3346 suo
774 3289 812 3346 ut
827 3283 866 3346 de
880 3283 983 3348 libero
998 3285 1198 3362 tenemento,
1215 3287 1249 3346 et
1264 3287 1389 3360 tenent,
1407 3301 1465 3344 seu
1480 3283 1582 3360 tenet,
1605 3283 1704 3346 modo
1728 3287 1763 3345 et

251 3364 365 3445 forma,
382 3369 439 3450 qui
455 3369 615 3452 sequitur,
631 3370 799 3450 videlicet,
814 3371 899 3455 quod
910 3397 964 3436 :—
1540 3365 1542 3370 ’

295 3555 467 3634 Katerina‚
480 3559 593 3643 regina
608 3560 741 3645 duplis,
753 3565 847 3624 tenet
860 3561 1051 3625 immediate
1067 3561 1101 3623 in
1118 3559 1241 3638 dotem,
1258 3580 1298 3622 ex
1312 3559 1520 3622 concessione
1535 3557 1663 3621 domini
1677 3558 1764 3641 regis

253 3643 390 3707 Hernici
405 3666 510 3728 nuper
525 3648 612 3731 regis
627 3647 759 3733 Anglie,
774 3650 878 3731 patris
892 3649 1021 3712 domini
1037 3649 1122 3732 regis
1139 3668 1237 3724 nunc,
1253 3653 1343 3710 certs
1360 3661 1458 3710 terras
1474 3653 1509 3709 ct
1525 3651 1715 3708 tenementa
1730 3646 1764 3706 iu

252 3729 353 3809 Pons,
370 3753 434 3816 que
459 3752 565 3816 nuper
590 3735 723 3799 fuerunt
747 3737 866 3819 prioris
889 3736 929 3800 de
956 3735 1213 3820 Brystelesbsm,
1239 3755 1298 3819 per
1321 3733 1494 3796 servicium
1523 3751 1578 3796 un.
1595 3733 1618 3796 f.
1633 3749 1678 3796 m.
1706 3753 1763 3816 pro

252 3819 370 3900 quibus
384 3819 484 3884 solvit
499 3821 656 3900 decimas,
672 3823 804 3906 quando
819 3823 947 3888 decime
962 3840 1107 3887 currunt.

294 3953 459 4018 Walterus
484 3955 707 4041 Hungert'ord,
735 3959 886 4025 dominus
912 3960 1133 4046 Hungeriord,
1157 3966 1251 4025 tenet
1277 3957 1470 4034 inmediate,
1495 3955 1537 4018 de
1560 3975 1635 4038 quo,
1650 3956 1700 4018 vel
1724 3956 1763 4020 de

252 4040 380 4122 quibus,
409 4042 573 4126 ignorant,
603 4051 693 4107 certa
723 4048 829 4112 terras
858 4056 892 4114 et
921 4055 1112 4113 tenementa
1140 4049 1176 4111 in
1206 4047 1375 4124 Assuras,
1402 4065 1466 4129 que
1498 4063 1600 4126 nuper
1629 4043 1764 4108 fuerunt

252 4125 418 4211 deulphi
433 4129 474 4194 de
489 4129 678 4214 Myddeine‚
693 4153 751 4216 per
766 4139 938 4201 servicium
954 4157 1009 4202 un.
1027 4136 1050 4200 f.
1067 4157 1113 4202 m.

295 4259 459 4323 Johannes
484 4260 583 4326 dela
608 4263 700 4326 Mare
728 4271 823 4331 tenet
850 4269 1043 4347 inmediate,
1071 4270 1111 4333 de
1138 4289 1214 4354 quo,
1229 4267 1280 4330 vel
1296 4267 1336 4330 de
1350 4264 1481 4350 quibus,
1495 4265 1658 4350 ignorent,
1673 4269 1762 4327 certa

252 4351 427 4498 ppaapipltn
441 4352 630 4503 geinefmlppts
655 4348 691 4413 in
715 4353 864 4434 Forma,
889 4377 951 4439 que
977 4377 1083 4440 nuper
1108 4355 1241 4419 inerunt
1266 4353 1398 4417 Ricardi
1424 4352 1465 4415 de
1497 4350 1677 4428 Stamiord,
1706 4371 1762 4435 per

295 4572 454 4636 Walterus
469 4575 610 4640 Everard
624 4583 718 4643 tenet
732 4581 915 4646 inmediate
929 4582 971 4645 de
985 4579 1162 4645 heredibus
1178 4581 1309 4644 comitis
1324 4577 1527 4654 Heresordis,
1550 4583 1638 4641 certs
1662 4584 1765 4639 terras

251 4665 285 4722 et
299 4663 502 4739 tenementa‚
517 4683 581 4746 que
605 4685 708 4749 nuper
734 4669 869 4733 fuerunt
894 4669 1032 4732 Roberti
1055 4668 1188 4732 Russell
1214 4670 1248 4730 iu
1274 4669 1490 4744 Burusssnn,
1507 4685 1564 4749 per
1591 4665 1762 4727 servicium

252 4754 365 4831 quarte
378 4749 482 4831 partis
496 4771 552 4815 un.
570 4752 594 4816 i.
609 4775 656 4818 m.

296 4884 460 4948 walterus
476 4887 685 4974 Beauchamp
700 4899 795 4957 tenet
810 4894 1005 4971 inmediate,
1016 4895 1058 4958 de
1073 4893 1192 4959 abbate
1207 4893 1248 4958 de
1261 4891 1497 4973 Malmssbury,
1507 4896 1598 4952 certa
1613 4894 1714 4951 terras
1728 4894 1761 4950 et

251 4979 440 5037 tenementa
461 4975 497 5037 in
525 4976 725 5056 hawart,
753 5001 817 5065 que
843 5000 951 5066 nuper
975 4982 1111 5046 suerunt
1136 4980 1226 5046 Petri
1252 4980 1292 5043 de
1318 4980 1350 5042 la
1373 4977 1480 5055 Mare,
1508 4997 1565 5060 per
1588 4977 1761 5040 servicium

251 5068 364 5143 quarte
380 5063 484 5143 partis
498 5083 554 5128 un.
569 5063 593 5129 f.
610 5086 656 5130 m.

295 5197 455 5262 Dominus
469 5199 544 5264 Fita
560 5201 662 5288 Hugh
677 5210 773 5269 tenet
786 5207 970 5271 inmediate
984 5208 1025 5271 de
1040 5207 1163 5271 comite
1178 5205 1353 5270 Staffordie
1377 5206 1412 5266 in
1441 5202 1614 5269 Srsurrrorr
1643 5201 1762 5268 Ssucrr

251 5283 410 5366 Qummr
438 5295 527 5352 certa
556 5296 657 5353 terras
685 5299 721 5355 et
749 5297 956 5373 tenementa,
985 5315 1050 5380 qus
1087 5315 1191 5379 nuper
1228 5295 1361 5358 inerunt
1392 5290 1546 5354 Herberti
1572 5290 1613 5352 de
1643 5287 1764 5352 Sancto

253 5372 423 5452 Quintino,
436 5395 494 5459 per
508 5377 685 5441 servicium
700 5399 757 5445 nn.
773 5379 797 5446 i.
813 5403 860 5448 m.
