<?xml version="1.0" encoding="UTF-8"?>
<!DOCTYPE html PUBLIC "-//W3C//DTD XHTML 1.0 Transitional//EN"
    "http://www.w3.org/TR/xhtml1/DTD/xhtml1-transitional.dtd">
<html xmlns="http://www.w3.org/1999/xhtml" xml:lang="en" lang="en">
 <head>
  <title>
</title>
<meta http-equiv="Content-Type" content="text/html;charset=utf-8" />
  <meta name='ocr-system' content='tesseract 3.04.00' />
  <meta name='ocr-capabilities' content='ocr_page ocr_carea ocr_par ocr_line ocrx_word'/>
</head>
<body>
  <div class='ocr_page' id='page_1' title='image "./inquisitionsand03offigoog_0086.png"; bbox 0 0 4092 6117; ppageno 0'>
   <div class='ocr_carea' id='block_1_1' title="bbox 314 563 1172 634">
    <p class='ocr_par' dir='ltr' id='par_1_1' title="bbox 314 563 1172 634">
     <span class='ocr_line' id='line_1_1' title="bbox 314 563 1172 634; baseline 0.002 -5"><span class='ocrx_word' id='word_1_1' title='bbox 314 566 357 630; x_wconf 87' lang='grc'>70</span> <span class='ocrx_word' id='word_1_2' title='bbox 956 563 1172 634; x_wconf 83' lang='lat' dir='ltr'><strong>SUFFOLK.</strong></span> 
     </span>
    </p>
   </div>
   <div class='ocr_carea' id='block_1_2' title="bbox 314 846 1819 1111">
    <p class='ocr_par' dir='ltr' id='par_1_2' title="bbox 314 846 1819 1111">
     <span class='ocr_line' id='line_1_2' title="bbox 357 846 1819 940; baseline 0.003 -31"><span class='ocrx_word' id='word_1_3' title='bbox 357 846 497 913; x_wconf 83' lang='lat' dir='ltr'><strong>Thomas</strong></span> <span class='ocrx_word' id='word_1_4' title='bbox 512 850 553 913; x_wconf 82' lang='lat' dir='ltr'>de</span> <span class='ocrx_word' id='word_1_5' title='bbox 570 850 657 935; x_wconf 77' lang='lat' dir='ltr'>Grey</span> <span class='ocrx_word' id='word_1_6' title='bbox 673 857 764 917; x_wconf 77' lang='lat' dir='ltr'>tonet</span> <span class='ocrx_word' id='word_1_7' title='bbox 789 856 824 917; x_wconf 90' lang='lat' dir='ltr'>in</span> <span class='ocrx_word' id='word_1_8' title='bbox 852 854 1064 922; x_wconf 75' lang='lat' dir='ltr'>Gnvnunrscn</span> <span class='ocrx_word' id='word_1_9' title='bbox 1087 859 1239 940; x_wconf 73' lang='lat' dir='ltr'>quartam</span> <span class='ocrx_word' id='word_1_10' title='bbox 1263 858 1391 938; x_wconf 83' lang='lat' dir='ltr'>partem</span> <span class='ocrx_word' id='word_1_11' title='bbox 1412 854 1435 919; x_wconf 87' lang='lat' dir='ltr'>f.</span> <span class='ocrx_word' id='word_1_12' title='bbox 1450 874 1495 919; x_wconf 91' lang='lat' dir='ltr'>m.</span> <span class='ocrx_word' id='word_1_13' title='bbox 1511 852 1598 937; x_wconf 90' lang='lat' dir='ltr'>quod</span> <span class='ocrx_word' id='word_1_14' title='bbox 1613 851 1761 933; x_wconf 77' lang='lat' dir='ltr'>nogems</span> <span class='ocrx_word' id='word_1_15' title='bbox 1777 851 1819 913; x_wconf 85' lang='lat' dir='ltr'>de</span> 
     </span>
     <span class='ocr_line' id='line_1_3' title="bbox 314 934 1818 1026; baseline 0.003 -27"><span class='ocrx_word' id='word_1_16' title='bbox 314 934 447 999; x_wconf 81' lang='lat' dir='ltr'>colevill</span> <span class='ocrx_word' id='word_1_17' title='bbox 476 938 641 1019; x_wconf 84' lang='lat' dir='ltr'>quondam</span> <span class='ocrx_word' id='word_1_18' title='bbox 671 942 781 1004; x_wconf 77' lang='lat' dir='ltr'>tenuit</span> <span class='ocrx_word' id='word_1_19' title='bbox 809 942 849 1006; x_wconf 83' lang='lat' dir='ltr'>de</span> <span class='ocrx_word' id='word_1_20' title='bbox 879 942 1021 1007; x_wconf 81' lang='lat' dir='ltr'>Henrioo</span> <span class='ocrx_word' id='word_1_21' title='bbox 1052 941 1242 1026; x_wconf 82' lang='lat' dir='ltr'>Pinkeneye</span> <span class='ocrx_word' id='word_1_22' title='bbox 1273 943 1307 1004; x_wconf 91' lang='lat' dir='ltr'>in</span> <span class='ocrx_word' id='word_1_23' title='bbox 1338 941 1452 1005; x_wconf 80' lang='lat' dir='ltr'><strong>eadem</strong></span> <span class='ocrx_word' id='word_1_24' title='bbox 1481 940 1560 1003; x_wconf 78' lang='lat' dir='ltr'>villu</span> <span class='ocrx_word' id='word_1_25' title='bbox 1589 939 1755 1017; x_wconf 79' lang='lat' dir='ltr'><strong><em>(amended</em></strong></span> <span class='ocrx_word' id='word_1_26' title='bbox 1786 949 1818 1003; x_wconf 80' lang='lat' dir='ltr'>to</span> 
     </span>
     <span class='ocr_line' id='line_1_4' title="bbox 314 1020 1292 1111; baseline 0.009 -27"><span class='ocrx_word' id='word_1_27' title='bbox 314 1021 335 1084; x_wconf 89' lang='lat' dir='ltr'><strong>J</strong></span> <span class='ocrx_word' id='word_1_28' title='bbox 336 1020 478 1086; x_wconf 83' lang='lat' dir='ltr'>ohannes</span> <span class='ocrx_word' id='word_1_29' title='bbox 494 1023 618 1089; x_wconf 85' lang='lat' dir='ltr'>Peoohe</span> <span class='ocrx_word' id='word_1_30' title='bbox 634 1046 737 1111; x_wconf 80' lang='lat' dir='ltr'>nuper</span> <span class='ocrx_word' id='word_1_31' title='bbox 752 1029 862 1093; x_wconf 74' lang='lat' dir='ltr'>tenuit</span> <span class='ocrx_word' id='word_1_32' title='bbox 875 1030 916 1093; x_wconf 85' lang='lat' dir='ltr'>de</span> <span class='ocrx_word' id='word_1_33' title='bbox 934 1028 1033 1095; x_wconf 85' lang='lat' dir='ltr'>Petro</span> <span class='ocrx_word' id='word_1_34' title='bbox 1047 1029 1088 1093; x_wconf 87' lang='lat' dir='ltr'>de</span> <span class='ocrx_word' id='word_1_35' title='bbox 1103 1030 1292 1107; x_wconf 79' lang='lat' dir='ltr'>Tulworth).</span> 
     </span>
    </p>
   </div>
   <div class='ocr_carea' id='block_1_3' title="bbox 316 1156 1817 1335">
    <p class='ocr_par' dir='ltr' id='par_1_3' title="bbox 316 1156 1817 1335">
     <span class='ocr_line' id='line_1_5' title="bbox 358 1156 1817 1249; baseline 0.004 -29"><span class='ocrx_word' id='word_1_36' title='bbox 358 1158 380 1220; x_wconf 89' lang='lat' dir='ltr'>J</span> <span class='ocrx_word' id='word_1_37' title='bbox 381 1156 522 1223; x_wconf 73' lang='lat' dir='ltr'>ohannes</span> <span class='ocrx_word' id='word_1_38' title='bbox 535 1160 575 1224; x_wconf 84' lang='lat' dir='ltr'>de</span> <span class='ocrx_word' id='word_1_39' title='bbox 591 1159 769 1225; x_wconf 81' lang='lat' dir='ltr'>Wimbiooh</span> <span class='ocrx_word' id='word_1_40' title='bbox 785 1166 876 1227; x_wconf 73' lang='lat' dir='ltr'>tenet</span> <span class='ocrx_word' id='word_1_41' title='bbox 891 1163 926 1226; x_wconf 93' lang='lat' dir='ltr'>in</span> <span class='ocrx_word' id='word_1_42' title='bbox 942 1165 1154 1231; x_wconf 74' lang='lat' dir='ltr'>Grunnmscn</span> <span class='ocrx_word' id='word_1_43' title='bbox 1170 1164 1214 1228; x_wconf 90' lang='lat' dir='ltr'>di.</span> <span class='ocrx_word' id='word_1_44' title='bbox 1227 1164 1251 1228; x_wconf 86' lang='lat' dir='ltr'>f.</span> <span class='ocrx_word' id='word_1_45' title='bbox 1264 1184 1310 1228; x_wconf 90' lang='lat' dir='ltr'>m.</span> <span class='ocrx_word' id='word_1_46' title='bbox 1323 1165 1364 1227; x_wconf 84' lang='lat' dir='ltr'>de</span> <span class='ocrx_word' id='word_1_47' title='bbox 1379 1163 1529 1229; x_wconf 78' lang='lat' dir='ltr'>iohanne</span> <span class='ocrx_word' id='word_1_48' title='bbox 1542 1165 1582 1229; x_wconf 84' lang='lat' dir='ltr'>de</span> <span class='ocrx_word' id='word_1_49' title='bbox 1594 1163 1817 1249; x_wconf 77' lang='lat' dir='ltr'>Oddyngoelen</span> 
     </span>
     <span class='ocr_line' id='line_1_6' title="bbox 316 1246 1353 1335; baseline 0.009 -27"><span class='ocrx_word' id='word_1_50' title='bbox 316 1247 400 1330; x_wconf 89' lang='lat' dir='ltr'>quod</span> <span class='ocrx_word' id='word_1_51' title='bbox 418 1246 500 1311; x_wconf 87' lang='lat' dir='ltr'>Milo</span> <span class='ocrx_word' id='word_1_52' title='bbox 515 1247 554 1311; x_wconf 86' lang='lat' dir='ltr'>de</span> <span class='ocrx_word' id='word_1_53' title='bbox 570 1248 767 1335; x_wconf 80' lang='lat' dir='ltr'>Hastinggos</span> <span class='ocrx_word' id='word_1_54' title='bbox 781 1250 944 1334; x_wconf 82' lang='lat' dir='ltr'>quondam</span> <span class='ocrx_word' id='word_1_55' title='bbox 959 1253 1071 1317; x_wconf 75' lang='lat' dir='ltr'>tonuit</span> <span class='ocrx_word' id='word_1_56' title='bbox 1084 1253 1120 1313; x_wconf 92' lang='lat' dir='ltr'>in</span> <span class='ocrx_word' id='word_1_57' title='bbox 1134 1250 1249 1314; x_wconf 75' lang='lat' dir='ltr'>eadem</span> <span class='ocrx_word' id='word_1_58' title='bbox 1265 1251 1353 1317; x_wconf 81' lang='lat' dir='ltr'>villa.</span> 
     </span>
    </p>
   </div>
   <div class='ocr_carea' id='block_1_4' title="bbox 315 1390 1815 1571">
    <p class='ocr_par' dir='ltr' id='par_1_4' title="bbox 315 1390 1815 1571">
     <span class='ocr_line' id='line_1_7' title="bbox 357 1390 1815 1483; baseline 0.004 -28"><span class='ocrx_word' id='word_1_59' title='bbox 357 1390 521 1457; x_wconf 82' lang='lat' dir='ltr'>Johunnes</span> <span class='ocrx_word' id='word_1_60' title='bbox 543 1394 583 1458; x_wconf 82' lang='lat' dir='ltr'>de</span> <span class='ocrx_word' id='word_1_61' title='bbox 608 1395 641 1457; x_wconf 81' lang='lat' dir='ltr'>ia</span> <span class='ocrx_word' id='word_1_62' title='bbox 666 1396 729 1460; x_wconf 81' lang='lat' dir='ltr'>Loe</span> <span class='ocrx_word' id='word_1_63' title='bbox 755 1400 850 1460; x_wconf 75' lang='lat' dir='ltr'>tenet</span> <span class='ocrx_word' id='word_1_64' title='bbox 872 1398 908 1459; x_wconf 90' lang='lat' dir='ltr'>in</span> <span class='ocrx_word' id='word_1_65' title='bbox 933 1398 1138 1463; x_wconf 81' lang='lat' dir='ltr'>Hunrrrnnsr</span> <span class='ocrx_word' id='word_1_66' title='bbox 1171 1394 1361 1483; x_wconf 79' lang='lat' dir='ltr'>[Hnnrnsr]</span> <span class='ocrx_word' id='word_1_67' title='bbox 1391 1396 1434 1482; x_wconf 85' lang='lat' dir='ltr'>vj.</span> <span class='ocrx_word' id='word_1_68' title='bbox 1460 1398 1701 1481; x_wconf 68' lang='lat' dir='ltr'>patiemim.</span> <span class='ocrx_word' id='word_1_69' title='bbox 1729 1395 1815 1481; x_wconf 88' lang='lat' dir='ltr'>quod</span> 
     </span>
     <span class='ocr_line' id='line_1_8' title="bbox 315 1479 1717 1571; baseline 0.005 -30"><span class='ocrx_word' id='word_1_70' title='bbox 315 1479 420 1542; x_wconf 88' lang='lat' dir='ltr'><strong>Adam</strong></span> <span class='ocrx_word' id='word_1_71' title='bbox 435 1480 578 1545; x_wconf 81' lang='lat' dir='ltr'>Bernard</span> <span class='ocrx_word' id='word_1_72' title='bbox 593 1484 757 1565; x_wconf 85' lang='lat' dir='ltr'>quondam</span> <span class='ocrx_word' id='word_1_73' title='bbox 771 1484 881 1548; x_wconf 81' lang='lat' dir='ltr'>tenuit</span> <span class='ocrx_word' id='word_1_74' title='bbox 897 1486 931 1547; x_wconf 95' lang='lat' dir='ltr'>in</span> <span class='ocrx_word' id='word_1_75' title='bbox 947 1487 1060 1549; x_wconf 82' lang='lat' dir='ltr'>eadem</span> <span class='ocrx_word' id='word_1_76' title='bbox 1077 1484 1156 1548; x_wconf 82' lang='lat' dir='ltr'>villa</span> <span class='ocrx_word' id='word_1_77' title='bbox 1169 1484 1210 1547; x_wconf 86' lang='lat' dir='ltr'>de</span> <span class='ocrx_word' id='word_1_78' title='bbox 1225 1484 1247 1547; x_wconf 88' lang='lat' dir='ltr'>J</span> <span class='ocrx_word' id='word_1_79' title='bbox 1248 1483 1375 1548; x_wconf 83' lang='lat' dir='ltr'>ohanne</span> <span class='ocrx_word' id='word_1_80' title='bbox 1389 1484 1509 1549; x_wconf 83' lang='lat' dir='ltr'>Sondul</span> <span class='ocrx_word' id='word_1_81' title='bbox 1530 1481 1717 1571; x_wconf 58' lang='lat' dir='ltr'>[Sourion]</span> 
     </span>
    </p>
   </div>
   <div class='ocr_carea' id='block_1_5' title="bbox 313 1622 1816 1971">
    <p class='ocr_par' dir='ltr' id='par_1_5' title="bbox 313 1622 1816 1971">
     <span class='ocr_line' id='line_1_9' title="bbox 357 1622 1815 1713; baseline 0.004 -28"><span class='ocrx_word' id='word_1_82' title='bbox 357 1622 481 1687; x_wconf 86' lang='lat' dir='ltr'>Dicunt</span> <span class='ocrx_word' id='word_1_83' title='bbox 495 1626 598 1687; x_wconf 76' lang='lat' dir='ltr'>eciam</span> <span class='ocrx_word' id='word_1_84' title='bbox 614 1626 749 1709; x_wconf 79' lang='lat' dir='ltr'><strong>predicti</strong></span> <span class='ocrx_word' id='word_1_85' title='bbox 760 1626 923 1710; x_wconf 79' lang='lat' dir='ltr'>juratores</span> <span class='ocrx_word' id='word_1_86' title='bbox 939 1629 1026 1713; x_wconf 93' lang='lat' dir='ltr'>quod</span> <span class='ocrx_word' id='word_1_87' title='bbox 1041 1648 1105 1691; x_wconf 92' lang='lat' dir='ltr'>non</span> <span class='ocrx_word' id='word_1_88' title='bbox 1120 1633 1197 1691; x_wconf 78' lang='lat' dir='ltr'>sunt</span> <span class='ocrx_word' id='word_1_89' title='bbox 1219 1628 1313 1710; x_wconf 81' lang='lat' dir='ltr'>plura</span> <span class='ocrx_word' id='word_1_90' title='bbox 1327 1628 1421 1691; x_wconf 82' lang='lat' dir='ltr'>feoda</span> <span class='ocrx_word' id='word_1_91' title='bbox 1435 1649 1492 1692; x_wconf 81' lang='lat' dir='ltr'>seu</span> <span class='ocrx_word' id='word_1_92' title='bbox 1515 1628 1654 1712; x_wconf 74' lang='lat' dir='ltr'>pamella</span> <span class='ocrx_word' id='word_1_93' title='bbox 1678 1627 1815 1712; x_wconf 79' lang='lat' dir='ltr'>alicujus</span> 
     </span>
     <span class='ocr_line' id='line_1_10' title="bbox 314 1710 1816 1801; baseline 0.003 -28"><span class='ocrx_word' id='word_1_94' title='bbox 314 1710 400 1774; x_wconf 84' lang='lat' dir='ltr'>feodi</span> <span class='ocrx_word' id='word_1_95' title='bbox 423 1710 508 1774; x_wconf 78' lang='lat' dir='ltr'>infru</span> <span class='ocrx_word' id='word_1_96' title='bbox 533 1710 737 1777; x_wconf 86' lang='lat' dir='ltr'>hundredum</span> <span class='ocrx_word' id='word_1_97' title='bbox 763 1714 957 1797; x_wconf 77' lang='lat' dir='ltr'>predictum.</span> <span class='ocrx_word' id='word_1_98' title='bbox 1004 1716 1045 1779; x_wconf 93' lang='lat' dir='ltr'>In</span> <span class='ocrx_word' id='word_1_99' title='bbox 1069 1715 1163 1801; x_wconf 80' lang='lat' dir='ltr'>eujus</span> <span class='ocrx_word' id='word_1_100' title='bbox 1189 1716 1236 1778; x_wconf 87' lang='lat' dir='ltr'>rei</span> <span class='ocrx_word' id='word_1_101' title='bbox 1262 1716 1491 1780; x_wconf 81' lang='lat' dir='ltr'>testimonium</span> <span class='ocrx_word' id='word_1_102' title='bbox 1518 1722 1581 1780; x_wconf 84' lang='lat' dir='ltr'>eto.</span> <span class='ocrx_word' id='word_1_103' title='bbox 1628 1716 1714 1777; x_wconf 81' lang='lat' dir='ltr'><strong>Data</strong></span> <span class='ocrx_word' id='word_1_104' title='bbox 1728 1714 1816 1798; x_wconf 84' lang='lat' dir='ltr'>apud</span> 
     </span>
     <span class='ocr_line' id='line_1_11' title="bbox 316 1797 1815 1886; baseline 0.003 -24"><span class='ocrx_word' id='word_1_105' title='bbox 316 1797 472 1863; x_wconf 77' lang='lat' dir='ltr'>Sanctum</span> <span class='ocrx_word' id='word_1_106' title='bbox 488 1798 700 1863; x_wconf 79' lang='lat' dir='ltr'>Edmundum</span> <span class='ocrx_word' id='word_1_107' title='bbox 713 1801 767 1864; x_wconf 82' lang='lat' dir='ltr'>die</span> <span class='ocrx_word' id='word_1_108' title='bbox 780 1800 872 1865; x_wconf 84' lang='lat' dir='ltr'>Jovis</span> <span class='ocrx_word' id='word_1_109' title='bbox 886 1804 1033 1885; x_wconf 82' lang='lat' dir='ltr'>proxima</span> <span class='ocrx_word' id='word_1_110' title='bbox 1055 1809 1128 1886; x_wconf 75' lang='lat' dir='ltr'>post</span> <span class='ocrx_word' id='word_1_111' title='bbox 1151 1802 1271 1866; x_wconf 79' lang='lat' dir='ltr'>festum</span> <span class='ocrx_word' id='word_1_112' title='bbox 1295 1801 1492 1867; x_wconf 73' lang='lat' dir='ltr'>Natiuitatis</span> <span class='ocrx_word' id='word_1_113' title='bbox 1520 1803 1632 1871; x_wconf 77' lang='lat' dir='ltr'>Sancti</span> <span class='ocrx_word' id='word_1_114' title='bbox 1657 1802 1815 1866; x_wconf 79' lang='lat' dir='ltr'>Johonnis</span> 
     </span>
     <span class='ocr_line' id='line_1_12' title="bbox 313 1883 778 1971; baseline 0.013 -24"><span class='ocrx_word' id='word_1_115' title='bbox 313 1883 464 1968; x_wconf 70' lang='lat' dir='ltr'>Baptista</span> <span class='ocrx_word' id='word_1_116' title='bbox 478 1905 565 1949; x_wconf 80' lang='lat' dir='ltr'>nuno</span> <span class='ocrx_word' id='word_1_117' title='bbox 579 1887 778 1971; x_wconf 81' lang='lat' dir='ltr'>supradicto.</span> 
     </span>
    </p>
   </div>
   <div class='ocr_carea' id='block_1_6' title="bbox 801 2213 1329 2282">
    <p class='ocr_par' dir='ltr' id='par_1_6' title="bbox 801 2213 1329 2282">
     <span class='ocr_line' id='line_1_13' title="bbox 801 2213 1329 2282; baseline 0 -4"><span class='ocrx_word' id='word_1_118' title='bbox 801 2214 1021 2280; x_wconf 79' lang='lat' dir='ltr'>Hnunnnnuru</span> <span class='ocrx_word' id='word_1_119' title='bbox 1045 2235 1089 2280; x_wconf 82' lang='lat' dir='ltr'>nn</span> <span class='ocrx_word' id='word_1_120' title='bbox 1112 2213 1329 2282; x_wconf 85' lang='lat' dir='ltr'><strong>COSFORD.</strong></span> 
     </span>
    </p>
   </div>
   <div class='ocr_carea' id='block_1_7' title="bbox 310 2346 1816 3043">
    <p class='ocr_par' dir='ltr' id='par_1_7' title="bbox 310 2346 1816 3043">
     <span class='ocr_line' id='line_1_14' title="bbox 357 2346 1816 2435; baseline 0.001 -24"><span class='ocrx_word' id='word_1_121' title='bbox 357 2346 536 2434; x_wconf 80' lang='lat' dir='ltr'>Inquisioio</span> <span class='ocrx_word' id='word_1_122' title='bbox 561 2354 657 2433; x_wconf 78' lang='lat' dir='ltr'>capta</span> <span class='ocrx_word' id='word_1_123' title='bbox 682 2351 769 2433; x_wconf 80' lang='lat' dir='ltr'>opud</span> <span class='ocrx_word' id='word_1_124' title='bbox 796 2349 964 2415; x_wconf 74' lang='lat' dir='ltr'>Bildesbon</span> <span class='ocrx_word' id='word_1_125' title='bbox 988 2351 1041 2415; x_wconf 86' lang='lat' dir='ltr'>die</span> <span class='ocrx_word' id='word_1_126' title='bbox 1063 2351 1217 2415; x_wconf 87' lang='lat' dir='ltr'>Mercurii</span> <span class='ocrx_word' id='word_1_127' title='bbox 1234 2352 1381 2435; x_wconf 80' lang='lat' dir='ltr'>proxima</span> <span class='ocrx_word' id='word_1_128' title='bbox 1396 2357 1469 2434; x_wconf 77' lang='lat' dir='ltr'>post</span> <span class='ocrx_word' id='word_1_129' title='bbox 1484 2350 1606 2413; x_wconf 79' lang='lat' dir='ltr'>festum</span> <span class='ocrx_word' id='word_1_130' title='bbox 1622 2350 1816 2413; x_wconf 74' lang='lat' dir='ltr'>nativitatis</span> 
     </span>
     <span class='ocr_line' id='line_1_15' title="bbox 315 2436 1815 2523; baseline -0.003 -20"><span class='ocrx_word' id='word_1_131' title='bbox 315 2437 428 2503; x_wconf 76' lang='lat' dir='ltr'>Sancti</span> <span class='ocrx_word' id='word_1_132' title='bbox 453 2436 614 2503; x_wconf 81' lang='lat' dir='ltr'>Johunnis</span> <span class='ocrx_word' id='word_1_133' title='bbox 640 2437 791 2523; x_wconf 80' lang='lat' dir='ltr'>Baptisto</span> <span class='ocrx_word' id='word_1_134' title='bbox 817 2458 924 2502; x_wconf 83' lang='lat' dir='ltr'>coram</span> <span class='ocrx_word' id='word_1_135' title='bbox 948 2439 1092 2502; x_wconf 81' lang='lat' dir='ltr'>Honrioo</span> <span class='ocrx_word' id='word_1_136' title='bbox 1106 2440 1147 2503; x_wconf 87' lang='lat' dir='ltr'>de</span> <span class='ocrx_word' id='word_1_137' title='bbox 1163 2439 1315 2503; x_wconf 77' lang='lat' dir='ltr'>Elmhum</span> <span class='ocrx_word' id='word_1_138' title='bbox 1330 2442 1392 2503; x_wconf 81' lang='lat' dir='ltr'><strong>ete.</strong></span> <span class='ocrx_word' id='word_1_139' title='bbox 1411 2444 1459 2517; x_wconf 78' lang='lat' dir='ltr'>(oo</span> <span class='ocrx_word' id='word_1_140' title='bbox 1475 2440 1602 2521; x_wconf 81' lang='lat' dir='ltr'>before),</span> <span class='ocrx_word' id='word_1_141' title='bbox 1620 2439 1707 2499; x_wconf 81' lang='lat' dir='ltr'>facta</span> <span class='ocrx_word' id='word_1_142' title='bbox 1728 2456 1815 2499; x_wconf 81' lang='lat' dir='ltr'>anno</span> 
     </span>
     <span class='ocr_line' id='line_1_16' title="bbox 311 2524 1815 2611; baseline 0 -25"><span class='ocrx_word' id='word_1_143' title='bbox 311 2526 404 2607; x_wconf 85' lang='lat' dir='ltr'>regni</span> <span class='ocrx_word' id='word_1_144' title='bbox 427 2526 514 2609; x_wconf 78' lang='lat' dir='ltr'>regis</span> <span class='ocrx_word' id='word_1_145' title='bbox 537 2525 687 2589; x_wconf 81' lang='lat' dir='ltr'>Edwnrdi</span> <span class='ocrx_word' id='word_1_146' title='bbox 714 2526 808 2589; x_wconf 83' lang='lat' dir='ltr'>tercii</span> <span class='ocrx_word' id='word_1_147' title='bbox 834 2531 907 2608; x_wconf 82' lang='lat' dir='ltr'>post</span> <span class='ocrx_word' id='word_1_148' title='bbox 933 2533 1147 2608; x_wconf 82' lang='lat' dir='ltr'>conquestum</span> <span class='ocrx_word' id='word_1_149' title='bbox 1170 2526 1248 2611; x_wconf 82' lang='lat' dir='ltr'><strong>xxij.</strong></span> <span class='ocrx_word' id='word_1_150' title='bbox 1265 2548 1321 2609; x_wconf 89' lang='lat' dir='ltr'>per</span> <span class='ocrx_word' id='word_1_151' title='bbox 1346 2530 1585 2589; x_wconf 79' lang='lat' dir='ltr'>sacramentum</span> <span class='ocrx_word' id='word_1_152' title='bbox 1600 2525 1759 2588; x_wconf 77' lang='lat' dir='ltr'>iohannis</span> <span class='ocrx_word' id='word_1_153' title='bbox 1773 2524 1815 2586; x_wconf 80' lang='lat' dir='ltr'>de</span> 
     </span>
     <span class='ocr_line' id='line_1_17' title="bbox 312 2609 1815 2697; baseline 0.001 -25"><span class='ocrx_word' id='word_1_154' title='bbox 312 2609 514 2689; x_wconf 80' lang='lat' dir='ltr'>Batesiorde,</span> <span class='ocrx_word' id='word_1_155' title='bbox 540 2612 676 2677; x_wconf 82' lang='lat' dir='ltr'>Roberti</span> <span class='ocrx_word' id='word_1_156' title='bbox 701 2612 742 2675; x_wconf 86' lang='lat' dir='ltr'>de</span> <span class='ocrx_word' id='word_1_157' title='bbox 768 2611 974 2697; x_wconf 82' lang='lat' dir='ltr'>Wygiuhale‚</span> <span class='ocrx_word' id='word_1_158' title='bbox 998 2612 1156 2676; x_wconf 86' lang='lat' dir='ltr'>Johnnnis</span> <span class='ocrx_word' id='word_1_159' title='bbox 1181 2614 1221 2677; x_wconf 86' lang='lat' dir='ltr'>de</span> <span class='ocrx_word' id='word_1_160' title='bbox 1246 2614 1440 2691; x_wconf 78' lang='lat' dir='ltr'>Wavindon,</span> <span class='ocrx_word' id='word_1_161' title='bbox 1464 2612 1624 2675; x_wconf 80' lang='lat' dir='ltr'>Willelrni</span> <span class='ocrx_word' id='word_1_162' title='bbox 1638 2611 1758 2694; x_wconf 84' lang='lat' dir='ltr'>Waryn</span> <span class='ocrx_word' id='word_1_163' title='bbox 1773 2610 1815 2674; x_wconf 83' lang='lat' dir='ltr'>do</span> 
     </span>
     <span class='ocr_line' id='line_1_18' title="bbox 311 2698 1816 2783; baseline -0.001 -22"><span class='ocrx_word' id='word_1_164' title='bbox 311 2698 466 2781; x_wconf 83' lang='lat' dir='ltr'><strong>Leyham,</strong></span> <span class='ocrx_word' id='word_1_165' title='bbox 492 2699 650 2763; x_wconf 74' lang='lat' dir='ltr'>iohannis</span> <span class='ocrx_word' id='word_1_166' title='bbox 679 2698 774 2783; x_wconf 86' lang='lat' dir='ltr'>Fyry,</span> <span class='ocrx_word' id='word_1_167' title='bbox 800 2699 957 2783; x_wconf 75' lang='lat' dir='ltr'>Stephani</span> <span class='ocrx_word' id='word_1_168' title='bbox 988 2698 1078 2762; x_wconf 77' lang='lat' dir='ltr'>Olore</span> <span class='ocrx_word' id='word_1_169' title='bbox 1107 2700 1148 2763; x_wconf 84' lang='lat' dir='ltr'>de</span> <span class='ocrx_word' id='word_1_170' title='bbox 1178 2699 1408 2779; x_wconf 78' lang='lat' dir='ltr'>Brothenhom,</span> <span class='ocrx_word' id='word_1_171' title='bbox 1439 2700 1568 2764; x_wconf 80' lang='lat' dir='ltr'>Ricurdi</span> <span class='ocrx_word' id='word_1_172' title='bbox 1598 2699 1639 2761; x_wconf 88' lang='lat' dir='ltr'>de</span> <span class='ocrx_word' id='word_1_173' title='bbox 1665 2698 1816 2782; x_wconf 67' lang='lat' dir='ltr'>Remos,</span> 
     </span>
     <span class='ocr_line' id='line_1_19' title="bbox 310 2784 1815 2871; baseline 0 -24"><span class='ocrx_word' id='word_1_174' title='bbox 310 2785 440 2849; x_wconf 79' lang='lat' dir='ltr'>Rioardi</span> <span class='ocrx_word' id='word_1_175' title='bbox 469 2787 500 2849; x_wconf 87' lang='lat' dir='ltr'>le</span> <span class='ocrx_word' id='word_1_176' title='bbox 531 2785 618 2851; x_wconf 81' lang='lat' dir='ltr'>Cook</span> <span class='ocrx_word' id='word_1_177' title='bbox 649 2785 690 2849; x_wconf 82' lang='lat' dir='ltr'>de</span> <span class='ocrx_word' id='word_1_178' title='bbox 720 2786 860 2864; x_wconf 78' lang='lat' dir='ltr'>Sumere,</span> <span class='ocrx_word' id='word_1_179' title='bbox 889 2785 1049 2855; x_wconf 76' lang='lat' dir='ltr'>iohannis</span> <span class='ocrx_word' id='word_1_180' title='bbox 1086 2786 1260 2865; x_wconf 79' lang='lat' dir='ltr'>Kirkeion,</span> <span class='ocrx_word' id='word_1_181' title='bbox 1296 2786 1452 2871; x_wconf 72' lang='lat' dir='ltr'><strong>Stephani</strong></span> <span class='ocrx_word' id='word_1_182' title='bbox 1492 2785 1645 2863; x_wconf 73' lang='lat' dir='ltr'>Berones,</span> <span class='ocrx_word' id='word_1_183' title='bbox 1673 2784 1815 2849; x_wconf 81' lang='lat' dir='ltr'>Gulfn&#39;di</span> 
     </span>
     <span class='ocr_line' id='line_1_20' title="bbox 311 2871 1814 3023; baseline -0.001 -87"><span class='ocrx_word' id='word_1_184' title='bbox 311 2872 465 3023; x_wconf 59' lang='grc' dir='ltr'>Οοίιὲἰιιε,</span> <span class='ocrx_word' id='word_1_185' title='bbox 495 2873 624 2937; x_wconf 82' lang='lat' dir='ltr'>Rionrdi</span> <span class='ocrx_word' id='word_1_186' title='bbox 649 2873 691 2937; x_wconf 80' lang='lat' dir='ltr'>de</span> <span class='ocrx_word' id='word_1_187' title='bbox 717 2871 867 2951; x_wconf 81' lang='lat' dir='ltr'>Lashom,</span> <span class='ocrx_word' id='word_1_188' title='bbox 889 2873 1085 2959; x_wconf 78' lang='lat' dir='ltr'>juratorum,</span> <span class='ocrx_word' id='word_1_189' title='bbox 1107 2875 1164 2958; x_wconf 91' lang='lat' dir='ltr'>qui</span> <span class='ocrx_word' id='word_1_190' title='bbox 1188 2875 1303 2938; x_wconf 84' lang='lat' dir='ltr'>dicunt</span> <span class='ocrx_word' id='word_1_191' title='bbox 1332 2894 1427 2957; x_wconf 79' lang='lat' dir='ltr'>nuper</span> <span class='ocrx_word' id='word_1_192' title='bbox 1457 2880 1694 2938; x_wconf 80' lang='lat' dir='ltr'>suornmeutnm</span> <span class='ocrx_word' id='word_1_193' title='bbox 1718 2892 1814 2936; x_wconf 82' lang='lat' dir='ltr'>suum</span> 
     </span>
     <span class='ocr_line' id='line_1_21' title="bbox 311 2981 461 3043; baseline 0 -20"><span class='ocrx_word' id='word_1_194' title='bbox 311 2981 376 3043; x_wconf 91' lang='lat' dir='ltr'>quo</span> <span class='ocrx_word' id='word_1_195' title='bbox 408 2982 461 3023; x_wconf 76' lang='grc' dir='ltr'>ε·-</span> 
     </span>
    </p>
   </div>
   <div class='ocr_carea' id='block_1_8' title="bbox 304 3138 1813 3411">
    <p class='ocr_par' dir='ltr' id='par_1_8' title="bbox 304 3138 1813 3411">
     <span class='ocr_line' id='line_1_22' title="bbox 316 3138 1813 3231; baseline 0.003 -22"><span class='ocrx_word' id='word_1_196' title='bbox 316 3138 317 3143; x_wconf 63' lang='grc'>’</span> <span class='ocrx_word' id='word_1_197' title='bbox 353 3148 536 3212; x_wconf 81' lang='lat' dir='ltr'>Willelmur</span> <span class='ocrx_word' id='word_1_198' title='bbox 559 3149 600 3213; x_wconf 84' lang='lat' dir='ltr'>do</span> <span class='ocrx_word' id='word_1_199' title='bbox 624 3147 753 3230; x_wconf 90' lang='lat' dir='ltr'>Bohun,</span> <span class='ocrx_word' id='word_1_200' title='bbox 778 3170 885 3213; x_wconf 81' lang='lat' dir='ltr'>comes</span> <span class='ocrx_word' id='word_1_201' title='bbox 913 3149 1174 3231; x_wconf 80' lang='lat' dir='ltr'>Northamtonie,</span> <span class='ocrx_word' id='word_1_202' title='bbox 1204 3156 1297 3215; x_wconf 74' lang='lat' dir='ltr'>tonet</span> <span class='ocrx_word' id='word_1_203' title='bbox 1325 3152 1361 3214; x_wconf 93' lang='lat' dir='ltr'>in</span> <span class='ocrx_word' id='word_1_204' title='bbox 1391 3151 1575 3217; x_wconf 81' lang='lat' dir='ltr'>Ennnsnrn</span> <span class='ocrx_word' id='word_1_205' title='bbox 1605 3151 1813 3215; x_wconf 63' lang='lat' dir='ltr'>medietatem</span> 
     </span>
     <span class='ocr_line' id='line_1_23' title="bbox 304 3235 1810 3324; baseline 0 -25"><span class='ocrx_word' id='word_1_206' title='bbox 304 3238 332 3321; x_wconf 89' lang='lat' dir='ltr'>j.</span> <span class='ocrx_word' id='word_1_207' title='bbox 358 3237 381 3300; x_wconf 81' lang='lat' dir='ltr'>f.</span> <span class='ocrx_word' id='word_1_208' title='bbox 406 3257 450 3302; x_wconf 91' lang='lat' dir='ltr'>m.</span> <span class='ocrx_word' id='word_1_209' title='bbox 476 3235 516 3300; x_wconf 82' lang='lat' dir='ltr'>do</span> <span class='ocrx_word' id='word_1_210' title='bbox 541 3237 672 3301; x_wconf 91' lang='lat' dir='ltr'>domino</span> <span class='ocrx_word' id='word_1_211' title='bbox 697 3259 784 3323; x_wconf 83' lang='lat' dir='ltr'>rege,</span> <span class='ocrx_word' id='word_1_212' title='bbox 807 3241 845 3300; x_wconf 79' lang='lat' dir='ltr'>ut</span> <span class='ocrx_word' id='word_1_213' title='bbox 867 3238 909 3301; x_wconf 80' lang='lat' dir='ltr'>de</span> <span class='ocrx_word' id='word_1_214' title='bbox 940 3238 1073 3302; x_wconf 82' lang='lat' dir='ltr'>buronin</span> <span class='ocrx_word' id='word_1_215' title='bbox 1096 3238 1137 3303; x_wconf 79' lang='lat' dir='ltr'>do</span> <span class='ocrx_word' id='word_1_216' title='bbox 1163 3237 1299 3324; x_wconf 82' lang='lat' dir='ltr'>Wyght,</span> <span class='ocrx_word' id='word_1_217' title='bbox 1322 3239 1409 3323; x_wconf 90' lang='lat' dir='ltr'>quod</span> <span class='ocrx_word' id='word_1_218' title='bbox 1437 3238 1603 3302; x_wconf 82' lang='lat' dir='ltr'>Johunnos</span> <span class='ocrx_word' id='word_1_219' title='bbox 1629 3238 1670 3302; x_wconf 83' lang='lat' dir='ltr'>do</span> <span class='ocrx_word' id='word_1_220' title='bbox 1694 3236 1810 3302; x_wconf 90' lang='lat' dir='ltr'>Bohun</span> 
     </span>
     <span class='ocr_line' id='line_1_24' title="bbox 309 3323 877 3411; baseline 0.007 -24"><span class='ocrx_word' id='word_1_221' title='bbox 309 3323 471 3411; x_wconf 80' lang='lat' dir='ltr'>quondum</span> <span class='ocrx_word' id='word_1_222' title='bbox 486 3326 594 3388; x_wconf 85' lang='lat' dir='ltr'>tenuit</span> <span class='ocrx_word' id='word_1_223' title='bbox 610 3325 644 3387; x_wconf 91' lang='lat' dir='ltr'>in</span> <span class='ocrx_word' id='word_1_224' title='bbox 660 3325 775 3389; x_wconf 82' lang='lat' dir='ltr'>eadem</span> <span class='ocrx_word' id='word_1_225' title='bbox 789 3326 877 3391; x_wconf 79' lang='lat' dir='ltr'>villo.</span> 
     </span>
    </p>
   </div>
   <div class='ocr_carea' id='block_1_9' title="bbox 308 3454 1814 3627">
    <p class='ocr_par' dir='ltr' id='par_1_9' title="bbox 308 3454 1814 3627">
     <span class='ocr_line' id='line_1_25' title="bbox 352 3454 1814 3543; baseline 0.001 -24"><span class='ocrx_word' id='word_1_226' title='bbox 352 3456 516 3519; x_wconf 81' lang='lat' dir='ltr'>Johannos</span> <span class='ocrx_word' id='word_1_227' title='bbox 530 3455 570 3518; x_wconf 85' lang='lat' dir='ltr'>do</span> <span class='ocrx_word' id='word_1_228' title='bbox 586 3455 717 3519; x_wconf 81' lang='lat' dir='ltr'>Nuntou</span> <span class='ocrx_word' id='word_1_229' title='bbox 741 3460 832 3521; x_wconf 76' lang='lat' dir='ltr'>tonet</span> <span class='ocrx_word' id='word_1_230' title='bbox 856 3456 898 3519; x_wconf 84' lang='lat' dir='ltr'>de</span> <span class='ocrx_word' id='word_1_231' title='bbox 925 3456 1038 3520; x_wconf 79' lang='lat' dir='ltr'>eodem</span> <span class='ocrx_word' id='word_1_232' title='bbox 1062 3456 1227 3520; x_wconf 85' lang='lat' dir='ltr'>Willeimo</span> <span class='ocrx_word' id='word_1_233' title='bbox 1251 3464 1401 3541; x_wconf 70' lang='lat' dir='ltr'>quartam</span> <span class='ocrx_word' id='word_1_234' title='bbox 1426 3460 1552 3540; x_wconf 77' lang='lat' dir='ltr'>partem</span> <span class='ocrx_word' id='word_1_235' title='bbox 1577 3456 1601 3542; x_wconf 79' lang='lat' dir='ltr'>j.</span> <span class='ocrx_word' id='word_1_236' title='bbox 1617 3454 1640 3521; x_wconf 84' lang='lat' dir='ltr'>f.</span> <span class='ocrx_word' id='word_1_237' title='bbox 1657 3478 1703 3523; x_wconf 90' lang='lat' dir='ltr'>m.</span> <span class='ocrx_word' id='word_1_238' title='bbox 1726 3458 1814 3543; x_wconf 90' lang='lat' dir='ltr'>quod</span> 
     </span>
     <span class='ocr_line' id='line_1_26' title="bbox 308 3542 985 3627; baseline -0.004 -16"><span class='ocrx_word' id='word_1_239' title='bbox 308 3543 471 3612; x_wconf 80' lang='lat' dir='ltr'>walterus</span> <span class='ocrx_word' id='word_1_240' title='bbox 485 3542 525 3606; x_wconf 87' lang='lat' dir='ltr'>de</span> <span class='ocrx_word' id='word_1_241' title='bbox 540 3542 570 3605; x_wconf 89' lang='lat' dir='ltr'>N</span> <span class='ocrx_word' id='word_1_242' title='bbox 572 3548 674 3607; x_wconf 77' lang='lat' dir='ltr'>anton</span> <span class='ocrx_word' id='word_1_243' title='bbox 688 3545 851 3627; x_wconf 82' lang='lat' dir='ltr'>quondam</span> <span class='ocrx_word' id='word_1_244' title='bbox 867 3544 985 3609; x_wconf 75' lang='lat' dir='ltr'>tenuit.</span> 
     </span>
    </p>
   </div>
   <div class='ocr_carea' id='block_1_10' title="bbox 307 3678 1814 3920">
    <p class='ocr_par' dir='ltr' id='par_1_10' title="bbox 307 3678 1814 3920">
     <span class='ocr_line' id='line_1_27' title="bbox 352 3678 1538 3759; baseline 0.001 -15"><span class='ocrx_word' id='word_1_245' title='bbox 352 3680 374 3744; x_wconf 88' lang='lat' dir='ltr'><strong>J</strong></span> <span class='ocrx_word' id='word_1_246' title='bbox 375 3678 518 3743; x_wconf 79' lang='lat' dir='ltr'>ohannes</span> <span class='ocrx_word' id='word_1_247' title='bbox 532 3680 571 3743; x_wconf 85' lang='lat' dir='ltr'>do</span> <span class='ocrx_word' id='word_1_248' title='bbox 582 3680 677 3759; x_wconf 83' lang='lat' dir='ltr'>Voer,</span> <span class='ocrx_word' id='word_1_249' title='bbox 687 3701 793 3744; x_wconf 80' lang='lat' dir='ltr'>comes</span> <span class='ocrx_word' id='word_1_250' title='bbox 805 3678 940 3758; x_wconf 86' lang='lat' dir='ltr'>Oxonie,</span> <span class='ocrx_word' id='word_1_251' title='bbox 952 3685 1045 3745; x_wconf 79' lang='lat' dir='ltr'>tenet</span> <span class='ocrx_word' id='word_1_252' title='bbox 1059 3681 1242 3744; x_wconf 83' lang='lat' dir='ltr'>manerium</span> <span class='ocrx_word' id='word_1_253' title='bbox 1259 3680 1299 3745; x_wconf 86' lang='lat' dir='ltr'>de</span> <span class='ocrx_word' id='word_1_254' title='bbox 1314 3682 1481 3746; x_wconf 76' lang='lat' dir='ltr'>Annum</span> <span class='ocrx_word' id='word_1_255' title='bbox 1498 3680 1538 3745; x_wconf 83' lang='lat' dir='ltr'>do</span> 
     </span>
     <span class='ocr_line' id='line_1_28' title="bbox 307 3766 1814 3918; baseline 0.002 -87"><span class='ocrx_word' id='word_1_256' title='bbox 307 3770 343 3831; x_wconf 93' lang='lat' dir='ltr'>in</span> <span class='ocrx_word' id='word_1_257' title='bbox 369 3768 596 3918; x_wconf 38' lang='grc' dir='ltr'>ὴιιοιέἰιῖιιιι,</span> <span class='ocrx_word' id='word_1_258' title='bbox 617 3789 682 3852; x_wconf 90' lang='lat' dir='ltr'>quo</span> <span class='ocrx_word' id='word_1_259' title='bbox 707 3769 839 3833; x_wconf 75' lang='lat' dir='ltr'>servicio</span> <span class='ocrx_word' id='word_1_260' title='bbox 862 3769 1023 3854; x_wconf 76' lang='lat' dir='ltr'>ignorant,</span> <span class='ocrx_word' id='word_1_261' title='bbox 1048 3768 1133 3853; x_wconf 91' lang='lat' dir='ltr'>qnod</span> <span class='ocrx_word' id='word_1_262' title='bbox 1160 3768 1330 3832; x_wconf 79' lang='lat' dir='ltr'>comitissa</span> <span class='ocrx_word' id='word_1_263' title='bbox 1357 3766 1480 3833; x_wconf 83' lang='lat' dir='ltr'>Oxonie</span> <span class='ocrx_word' id='word_1_264' title='bbox 1510 3769 1674 3853; x_wconf 78' lang='lat' dir='ltr'>quondum</span> <span class='ocrx_word' id='word_1_265' title='bbox 1704 3771 1814 3834; x_wconf 76' lang='lat' dir='ltr'>tenuit</span> 
     </span>
     <span class='ocr_line' id='line_1_29' title="bbox 308 3874 553 3920; baseline 0.008 -2"><span class='ocrx_word' id='word_1_266' title='bbox 308 3874 441 3918; x_wconf 80' lang='lat' dir='ltr'>nomine</span> <span class='ocrx_word' id='word_1_267' title='bbox 478 3875 553 3920; x_wconf 84' lang='lat' dir='ltr'>ors.</span> 
     </span>
    </p>
   </div>
   <div class='ocr_carea' id='block_1_11' title="bbox 307 3990 1813 4167">
    <p class='ocr_par' dir='ltr' id='par_1_11' title="bbox 307 3990 1813 4167">
     <span class='ocr_line' id='line_1_30' title="bbox 351 3990 1813 4078; baseline 0.002 -22"><span class='ocrx_word' id='word_1_268' title='bbox 351 3992 444 4056; x_wconf 88' lang='lat' dir='ltr'>Prior</span> <span class='ocrx_word' id='word_1_269' title='bbox 480 3990 654 4057; x_wconf 73' lang='lat' dir='ltr'>cantuarie</span> <span class='ocrx_word' id='word_1_270' title='bbox 689 3997 782 4057; x_wconf 75' lang='lat' dir='ltr'>tenet</span> <span class='ocrx_word' id='word_1_271' title='bbox 818 3993 998 4057; x_wconf 80' lang='lat' dir='ltr'>manerium</span> <span class='ocrx_word' id='word_1_272' title='bbox 1037 3994 1078 4057; x_wconf 85' lang='lat' dir='ltr'>do</span> <span class='ocrx_word' id='word_1_273' title='bbox 1114 3992 1283 4059; x_wconf 72' lang='lat' dir='ltr'>Hunnnnrr</span> <span class='ocrx_word' id='word_1_274' title='bbox 1319 3994 1355 4056; x_wconf 93' lang='lat' dir='ltr'>in</span> <span class='ocrx_word' id='word_1_275' title='bbox 1395 4014 1508 4077; x_wconf 83' lang='lat' dir='ltr'>puram</span> <span class='ocrx_word' id='word_1_276' title='bbox 1546 3998 1581 4057; x_wconf 82' lang='lat' dir='ltr'>et</span> <span class='ocrx_word' id='word_1_277' title='bbox 1621 4000 1813 4078; x_wconf 80' lang='lat' dir='ltr'>perpetuum</span> 
     </span>
     <span class='ocr_line' id='line_1_31' title="bbox 307 4077 1811 4167; baseline 0.003 -23"><span class='ocrx_word' id='word_1_278' title='bbox 307 4080 518 4145; x_wconf 76' lang='lat' dir='ltr'>elemosinam</span> <span class='ocrx_word' id='word_1_279' title='bbox 532 4080 573 4144; x_wconf 81' lang='lat' dir='ltr'>de</span> <span class='ocrx_word' id='word_1_280' title='bbox 587 4080 671 4146; x_wconf 91' lang='lat' dir='ltr'>dono</span> <span class='ocrx_word' id='word_1_281' title='bbox 686 4081 777 4144; x_wconf 80' lang='lat' dir='ltr'>dunis</span> <span class='ocrx_word' id='word_1_282' title='bbox 792 4080 831 4145; x_wconf 81' lang='lat' dir='ltr'>do</span> <span class='ocrx_word' id='word_1_283' title='bbox 853 4077 1037 4167; x_wconf 82' lang='lat' dir='ltr'>[Brannok]</span> <span class='ocrx_word' id='word_1_284' title='bbox 1060 4080 1147 4164; x_wconf 89' lang='lat' dir='ltr'>quod</span> <span class='ocrx_word' id='word_1_285' title='bbox 1162 4080 1249 4144; x_wconf 85' lang='lat' dir='ltr'>idern</span> <span class='ocrx_word' id='word_1_286' title='bbox 1264 4082 1352 4164; x_wconf 88' lang='lat' dir='ltr'>prior</span> <span class='ocrx_word' id='word_1_287' title='bbox 1366 4080 1529 4166; x_wconf 80' lang='lat' dir='ltr'>quondam</span> <span class='ocrx_word' id='word_1_288' title='bbox 1545 4084 1655 4145; x_wconf 77' lang='lat' dir='ltr'>tenuit</span> <span class='ocrx_word' id='word_1_289' title='bbox 1670 4081 1711 4145; x_wconf 88' lang='lat' dir='ltr'>de</span> <span class='ocrx_word' id='word_1_290' title='bbox 1726 4103 1811 4166; x_wconf 77' lang='lat' dir='ltr'>rege.</span> 
     </span>
    </p>
   </div>
   <div class='ocr_carea' id='block_1_12' title="bbox 351 4217 1812 4285">
    <p class='ocr_par' dir='ltr' id='par_1_12' title="bbox 351 4217 1812 4285">
     <span class='ocr_line' id='line_1_32' title="bbox 351 4217 1812 4285; baseline -0.001 0"><span class='ocrx_word' id='word_1_291' title='bbox 351 4217 533 4285; x_wconf 82' lang='lat' dir='ltr'>Willelmus</span> <span class='ocrx_word' id='word_1_292' title='bbox 562 4217 690 4281; x_wconf 78' lang='lat' dir='ltr'>Giffard</span> <span class='ocrx_word' id='word_1_293' title='bbox 719 4224 810 4283; x_wconf 72' lang='lat' dir='ltr'>benet</span> <span class='ocrx_word' id='word_1_294' title='bbox 840 4221 1022 4283; x_wconf 85' lang='lat' dir='ltr'>manerium</span> <span class='ocrx_word' id='word_1_295' title='bbox 1051 4220 1093 4282; x_wconf 80' lang='lat' dir='ltr'>de</span> <span class='ocrx_word' id='word_1_296' title='bbox 1120 4218 1314 4284; x_wconf 80' lang='lat' dir='ltr'>Tonnsrnnu</span> <span class='ocrx_word' id='word_1_297' title='bbox 1340 4218 1377 4281; x_wconf 92' lang='lat' dir='ltr'>in</span> <span class='ocrx_word' id='word_1_298' title='bbox 1400 4217 1569 4285; x_wconf 72' lang='lat' dir='ltr'>Hinnnon</span> <span class='ocrx_word' id='word_1_299' title='bbox 1596 4219 1637 4283; x_wconf 85' lang='lat' dir='ltr'>de</span> <span class='ocrx_word' id='word_1_300' title='bbox 1663 4218 1812 4284; x_wconf 80' lang='lat' dir='ltr'>Johonno</span> 
     </span>
    </p>
   </div>
   <div class='ocr_carea' id='block_1_13' title="bbox 307 4303 1811 4478">
    <p class='ocr_par' dir='ltr' id='par_1_13' title="bbox 307 4303 1811 4478">
     <span class='ocr_line' id='line_1_33' title="bbox 307 4303 1811 4478; baseline 0.003 -112"><span class='ocrx_word' id='word_1_301' title='bbox 307 4304 504 4478; x_wconf 52' lang='lat' dir='ltr'>{ppeilcper</span> <span class='ocrx_word' id='word_1_302' title='bbox 532 4306 576 4369; x_wconf 90' lang='lat' dir='ltr'>di.</span> <span class='ocrx_word' id='word_1_303' title='bbox 607 4304 629 4369; x_wconf 86' lang='lat' dir='ltr'>f.</span> <span class='ocrx_word' id='word_1_304' title='bbox 660 4328 705 4371; x_wconf 90' lang='lat' dir='ltr'>m.</span> <span class='ocrx_word' id='word_1_305' title='bbox 736 4306 822 4389; x_wconf 92' lang='lat' dir='ltr'>quod</span> <span class='ocrx_word' id='word_1_306' title='bbox 850 4306 1108 4391; x_wconf 79' lang='lat' dir='ltr'>archiepiscopus</span> <span class='ocrx_word' id='word_1_307' title='bbox 1137 4303 1379 4369; x_wconf 79' lang='lat' dir='ltr'>Cantauriensin</span> <span class='ocrx_word' id='word_1_308' title='bbox 1409 4306 1573 4389; x_wconf 82' lang='lat' dir='ltr'>quondum</span> <span class='ocrx_word' id='word_1_309' title='bbox 1610 4309 1719 4371; x_wconf 73' lang='lat' dir='ltr'>tenuit</span> <span class='ocrx_word' id='word_1_310' title='bbox 1754 4304 1811 4394; x_wconf 85' lang='lat' dir='ltr'>[de</span> 
     </span>
    </p>
   </div>
   <div class='ocr_carea' id='block_1_14' title="bbox 307 4528 1812 4767">
    <p class='ocr_par' dir='ltr' id='par_1_14' title="bbox 307 4528 1812 4767">
     <span class='ocr_line' id='line_1_34' title="bbox 351 4528 1812 4613; baseline 0.002 -22"><span class='ocrx_word' id='word_1_311' title='bbox 351 4529 545 4613; x_wconf 67' lang='lat' dir='ltr'>Margania,</span> <span class='ocrx_word' id='word_1_312' title='bbox 558 4529 722 4593; x_wconf 74' lang='lat' dir='ltr'>comitissa</span> <span class='ocrx_word' id='word_1_313' title='bbox 737 4529 777 4593; x_wconf 87' lang='lat' dir='ltr'>de</span> <span class='ocrx_word' id='word_1_314' title='bbox 793 4528 895 4609; x_wconf 78' lang='lat' dir='ltr'>Kent,</span> <span class='ocrx_word' id='word_1_315' title='bbox 905 4532 999 4593; x_wconf 74' lang='lat' dir='ltr'>iuuet</span> <span class='ocrx_word' id='word_1_316' title='bbox 1013 4530 1196 4593; x_wconf 79' lang='lat' dir='ltr'>manerium</span> <span class='ocrx_word' id='word_1_317' title='bbox 1211 4529 1250 4592; x_wconf 83' lang='lat' dir='ltr'>do</span> <span class='ocrx_word' id='word_1_318' title='bbox 1265 4528 1407 4594; x_wconf 77' lang='lat' dir='ltr'>Lnrnnu</span> <span class='ocrx_word' id='word_1_319' title='bbox 1422 4530 1463 4592; x_wconf 83' lang='lat' dir='ltr'>do</span> <span class='ocrx_word' id='word_1_320' title='bbox 1479 4529 1612 4593; x_wconf 90' lang='lat' dir='ltr'>domino</span> <span class='ocrx_word' id='word_1_321' title='bbox 1626 4550 1702 4613; x_wconf 70' lang='lat' dir='ltr'>roge</span> <span class='ocrx_word' id='word_1_322' title='bbox 1718 4534 1756 4593; x_wconf 76' lang='lat' dir='ltr'>ut</span> <span class='ocrx_word' id='word_1_323' title='bbox 1770 4530 1812 4594; x_wconf 81' lang='lat' dir='ltr'>do</span> 
     </span>
     <span class='ocr_line' id='line_1_35' title="bbox 307 4614 1811 4767; baseline 0.001 -89"><span class='ocrx_word' id='word_1_324' title='bbox 307 4615 440 4767; x_wconf 59' lang='lat' dir='ltr'>ivrpfipnia</span> <span class='ocrx_word' id='word_1_325' title='bbox 454 4614 493 4679; x_wconf 85' lang='lat' dir='ltr'>do</span> <span class='ocrx_word' id='word_1_326' title='bbox 508 4616 629 4701; x_wconf 78' lang='lat' dir='ltr'><strong>Wyghi</strong></span> <span class='ocrx_word' id='word_1_327' title='bbox 644 4617 758 4700; x_wconf 83' lang='lat' dir='ltr'>perdi.</span> <span class='ocrx_word' id='word_1_328' title='bbox 774 4618 798 4683; x_wconf 89' lang='lat' dir='ltr'>f.</span> <span class='ocrx_word' id='word_1_329' title='bbox 814 4639 860 4683; x_wconf 89' lang='lat' dir='ltr'>m.</span> <span class='ocrx_word' id='word_1_330' title='bbox 877 4617 963 4701; x_wconf 88' lang='lat' dir='ltr'>quod</span> <span class='ocrx_word' id='word_1_331' title='bbox 979 4616 1078 4701; x_wconf 81' lang='lat' dir='ltr'>Hugo</span> <span class='ocrx_word' id='word_1_332' title='bbox 1093 4617 1124 4681; x_wconf 79' lang='lat' dir='ltr'>lo</span> <span class='ocrx_word' id='word_1_333' title='bbox 1138 4615 1322 4699; x_wconf 76' lang='lat' dir='ltr'>Desponser</span> <span class='ocrx_word' id='word_1_334' title='bbox 1336 4617 1500 4697; x_wconf 79' lang='lat' dir='ltr'>quondum</span> <span class='ocrx_word' id='word_1_335' title='bbox 1516 4618 1625 4681; x_wconf 81' lang='lat' dir='ltr'>tonuit</span> <span class='ocrx_word' id='word_1_336' title='bbox 1640 4618 1675 4681; x_wconf 93' lang='lat' dir='ltr'>in</span> <span class='ocrx_word' id='word_1_337' title='bbox 1696 4617 1811 4681; x_wconf 83' lang='lat' dir='ltr'><strong>eadem</strong></span> 
     </span>
    </p>
   </div>
   <div class='ocr_carea' id='block_1_15' title="bbox 304 4838 1812 5081">
    <p class='ocr_par' dir='ltr' id='par_1_15' title="bbox 304 4838 1812 5081">
     <span class='ocr_line' id='line_1_36' title="bbox 348 4838 1812 4922; baseline 0.001 -21"><span class='ocrx_word' id='word_1_338' title='bbox 348 4839 491 4903; x_wconf 78' lang='lat' dir='ltr'>Andreas</span> <span class='ocrx_word' id='word_1_339' title='bbox 527 4840 568 4904; x_wconf 81' lang='lat' dir='ltr'>de</span> <span class='ocrx_word' id='word_1_340' title='bbox 605 4840 706 4905; x_wconf 79' lang='lat' dir='ltr'>Buteo</span> <span class='ocrx_word' id='word_1_341' title='bbox 742 4845 834 4905; x_wconf 80' lang='lat' dir='ltr'>tenet</span> <span class='ocrx_word' id='word_1_342' title='bbox 870 4842 1054 4904; x_wconf 80' lang='lat' dir='ltr'>manerium</span> <span class='ocrx_word' id='word_1_343' title='bbox 1092 4841 1133 4902; x_wconf 85' lang='lat' dir='ltr'>de</span> <span class='ocrx_word' id='word_1_344' title='bbox 1164 4839 1306 4905; x_wconf 73' lang='lat' dir='ltr'>Irnrnnu</span> <span class='ocrx_word' id='word_1_345' title='bbox 1337 4838 1379 4902; x_wconf 83' lang='lat' dir='ltr'>do</span> <span class='ocrx_word' id='word_1_346' title='bbox 1417 4838 1615 4922; x_wconf 75' lang='lat' dir='ltr'>Murgoroto,</span> <span class='ocrx_word' id='word_1_347' title='bbox 1645 4840 1812 4904; x_wconf 76' lang='lat' dir='ltr'>comitissa</span> 
     </span>
     <span class='ocr_line' id='line_1_37' title="bbox 304 4926 1810 5081; baseline 0 -90"><span class='ocrx_word' id='word_1_348' title='bbox 304 4926 505 5081; x_wconf 38' lang='lat' dir='ltr'>&amp;firaowollu</span> <span class='ocrx_word' id='word_1_349' title='bbox 521 4948 577 5010; x_wconf 83' lang='lat' dir='ltr'>per</span> <span class='ocrx_word' id='word_1_350' title='bbox 599 4928 624 5014; x_wconf 82' lang='lat' dir='ltr'>j.</span> <span class='ocrx_word' id='word_1_351' title='bbox 641 4928 664 4993; x_wconf 85' lang='lat' dir='ltr'>f.</span> <span class='ocrx_word' id='word_1_352' title='bbox 681 4950 726 4995; x_wconf 89' lang='lat' dir='ltr'>m.</span> <span class='ocrx_word' id='word_1_353' title='bbox 744 4928 830 5011; x_wconf 90' lang='lat' dir='ltr'>quod</span> <span class='ocrx_word' id='word_1_354' title='bbox 854 4927 1013 4991; x_wconf 79' lang='lat' dir='ltr'>Ricardur</span> <span class='ocrx_word' id='word_1_355' title='bbox 1037 4930 1078 4991; x_wconf 83' lang='lat' dir='ltr'>do</span> <span class='ocrx_word' id='word_1_356' title='bbox 1103 4926 1284 5011; x_wconf 75' lang='lat' dir='ltr'>Brumpton</span> <span class='ocrx_word' id='word_1_357' title='bbox 1310 4926 1477 5011; x_wconf 72' lang='lat' dir='ltr'>quondum</span> <span class='ocrx_word' id='word_1_358' title='bbox 1504 4928 1613 4990; x_wconf 79' lang='lat' dir='ltr'>tenuit</span> <span class='ocrx_word' id='word_1_359' title='bbox 1634 4929 1672 4990; x_wconf 91' lang='lat' dir='ltr'>iu</span> <span class='ocrx_word' id='word_1_360' title='bbox 1697 4928 1810 4991; x_wconf 81' lang='lat' dir='ltr'>eodem</span> 
     </span>
    </p>
   </div>
   <div class='ocr_carea' id='block_1_16' title="bbox 301 5150 1812 5393">
    <p class='ocr_par' dir='ltr' id='par_1_16' title="bbox 301 5150 1812 5393">
     <span class='ocr_line' id='line_1_38' title="bbox 345 5150 1812 5218; baseline 0.001 -3"><span class='ocrx_word' id='word_1_361' title='bbox 345 5153 485 5216; x_wconf 77' lang='lat' dir='ltr'>Thomas</span> <span class='ocrx_word' id='word_1_362' title='bbox 499 5152 540 5216; x_wconf 82' lang='lat' dir='ltr'>do</span> <span class='ocrx_word' id='word_1_363' title='bbox 555 5152 707 5217; x_wconf 87' lang='lat' dir='ltr'>Verdoun</span> <span class='ocrx_word' id='word_1_364' title='bbox 722 5157 812 5217; x_wconf 80' lang='lat' dir='ltr'>tonet</span> <span class='ocrx_word' id='word_1_365' title='bbox 826 5152 1010 5215; x_wconf 73' lang='lat' dir='ltr'>manerium</span> <span class='ocrx_word' id='word_1_366' title='bbox 1034 5152 1075 5216; x_wconf 84' lang='lat' dir='ltr'>do</span> <span class='ocrx_word' id='word_1_367' title='bbox 1089 5151 1306 5218; x_wconf 79' lang='lat' dir='ltr'>Wnnrnrnnn</span> <span class='ocrx_word' id='word_1_368' title='bbox 1326 5152 1366 5215; x_wconf 84' lang='lat' dir='ltr'>do</span> <span class='ocrx_word' id='word_1_369' title='bbox 1380 5152 1498 5217; x_wconf 80' lang='lat' dir='ltr'>abbate</span> <span class='ocrx_word' id='word_1_370' title='bbox 1514 5150 1629 5214; x_wconf 75' lang='lat' dir='ltr'>Sancti</span> <span class='ocrx_word' id='word_1_371' title='bbox 1642 5150 1812 5217; x_wconf 84' lang='lat' dir='ltr'>Edmundi</span> 
     </span>
     <span class='ocr_line' id='line_1_39' title="bbox 301 5238 1812 5393; baseline 0 -89"><span class='ocrx_word' id='word_1_372' title='bbox 301 5244 533 5393; x_wconf 62' lang='lat' dir='ltr'>pielrlapuartum</span> <span class='ocrx_word' id='word_1_373' title='bbox 557 5244 684 5323; x_wconf 80' lang='lat' dir='ltr'>partem</span> <span class='ocrx_word' id='word_1_374' title='bbox 707 5240 732 5326; x_wconf 82' lang='lat' dir='ltr'>j.</span> <span class='ocrx_word' id='word_1_375' title='bbox 750 5241 774 5307; x_wconf 80' lang='lat' dir='ltr'>s.</span> <span class='ocrx_word' id='word_1_376' title='bbox 790 5260 835 5306; x_wconf 91' lang='lat' dir='ltr'>m.</span> <span class='ocrx_word' id='word_1_377' title='bbox 851 5238 937 5322; x_wconf 88' lang='lat' dir='ltr'>quod</span> <span class='ocrx_word' id='word_1_378' title='bbox 961 5238 1123 5304; x_wconf 77' lang='lat' dir='ltr'>Robortun</span> <span class='ocrx_word' id='word_1_379' title='bbox 1149 5239 1284 5302; x_wconf 82' lang='lat' dir='ltr'>Peverei</span> <span class='ocrx_word' id='word_1_380' title='bbox 1308 5240 1473 5322; x_wconf 81' lang='lat' dir='ltr'>qnondam</span> <span class='ocrx_word' id='word_1_381' title='bbox 1498 5239 1610 5303; x_wconf 75' lang='lat' dir='ltr'>tenuit</span> <span class='ocrx_word' id='word_1_382' title='bbox 1634 5239 1670 5302; x_wconf 92' lang='lat' dir='ltr'>in</span> <span class='ocrx_word' id='word_1_383' title='bbox 1695 5240 1812 5305; x_wconf 77' lang='lat' dir='ltr'>undem</span> 
     </span>
    </p>
   </div>
   <div class='ocr_carea' id='block_1_17' title="bbox 0 0 2050 6117">
    <p class='ocr_par' dir='ltr' id='par_1_17' title="bbox 0 0 2050 6117">
     <span class='ocr_line' id='line_1_40' title="bbox 0 0 2050 6117; baseline 0 3"><span class='ocrx_word' id='word_1_384' title='bbox 0 0 2050 6117; x_wconf 95' lang='lat' dir='ltr'> </span> 
     </span>
    </p>
   </div>
  </div>
 </body>
</html>
