4092 6117
294 559 357 624 aba
899 555 1188 626 WOROESTER.

337 842 511 908 Edwardus
527 847 590 907 etc
607 849 656 920 (aa
681 843 801 922 above).
846 842 896 906 Ex
922 848 1014 927 parte
1038 842 1197 908 Jobannis
1222 844 1262 907 de
1285 841 1480 906 Wasseburn
1504 843 1685 926 recepimus
1710 843 1794 926 quod

293 931 371 994 licet
384 932 455 1015 ipsc
468 936 581 994 teneat
595 932 778 994 manerium
792 951 888 994 suum
902 929 941 993 de
959 931 1154 999 Sasuuroao
1168 932 1202 993 in
1217 933 1378 994 comitatu
1392 931 1535 1012 predicto
1548 951 1607 1013 per
1623 930 1793 992 servicium

294 1018 481 1080 medietatis
510 1018 533 1082 f.
563 1019 587 1102 j.
618 1040 664 1082 m.
694 1025 826 1080 tantum
856 1039 910 1081 vos
940 1018 1077 1081 formam
1107 1019 1336 1103 assignacionis
1375 1063 1603 1082 .....
1637 1018 1722 1080 facte
1753 1017 1793 1080 de

293 1104 477 1188 hujusmodi
492 1105 614 1167 auxilio
628 1105 669 1166 sd
683 1126 764 1188 opus
778 1111 925 1168 nostrum
950 1114 990 1168 ut
1015 1105 1198 1188 predieum
1227 1115 1276 1169 est
1304 1105 1441 1168 levando
1468 1104 1662 1167 excedentes
1685 1106 1794 1187 ipsum

293 1189 476 1254 Johannem
506 1191 547 1253 ad
576 1190 763 1276 hujusmodi
792 1193 950 1255 auxilium
974 1239 1367 1258 ........
1392 1191 1539 1274 pertibus
1568 1191 1591 1256 f.
1620 1191 1645 1277 j.
1676 1214 1721 1256 m.
1751 1193 1792 1254 de

293 1280 437 1340 manerio
452 1278 597 1360 predicte
612 1279 823 1360 prestandum
841 1299 877 1342 ac
894 1281 922 1342 si
937 1279 1021 1341 illud
1036 1300 1091 1363 per
1104 1286 1235 1342 tantum
1252 1279 1422 1344 servicium
1438 1283 1566 1342 teneret
1588 1278 1795 1362 distringatis

294 1367 401 1427 minus
426 1365 515 1451 juste
541 1366 575 1426 iu
600 1365 703 1447 ipsius
728 1363 887 1429 Johannis
913 1367 1093 1449 dampnum
1118 1387 1183 1429 non
1206 1368 1370 1430 modicum
1385 1372 1420 1429 et
1442 1385 1616 1450 gravamen
1633 1376 1667 1428 et
1682 1372 1793 1428 contra

291 1453 431 1515 tormam
457 1454 669 1514 concessionis
695 1452 849 1536 predicte.
896 1453 939 1515 Et
965 1455 1043 1536 quia
1069 1453 1174 1517 eidem
1186 1452 1340 1517 -Johanni
1354 1453 1504 1540 injuriari
1519 1452 1670 1516 nolumus
1685 1455 1719 1515 in
1734 1454 1793 1516 bac

291 1545 382 1621 parte
406 1538 496 1601 vobis
522 1539 713 1602 mandamus
739 1541 825 1622 quod
850 1543 877 1602 si
901 1541 949 1602 ita
974 1542 1018 1602 sit
1045 1546 1124 1603 tunc
1146 1542 1254 1622 ipsum
1279 1540 1462 1604 Jobaunem
1486 1540 1527 1602 ad
1549 1540 1673 1625 aliquid
1699 1541 1792 1604 nobis

292 1628 420 1688 racione
434 1626 549 1689 auxilii
563 1628 701 1708 predicti
717 1629 803 1688 ultra
815 1626 851 1690 id
866 1627 952 1709 quod
966 1628 1006 1689 ad
1023 1629 1130 1710 ipsum
1146 1627 1166 1690 J
1168 1627 1329 1690 ohannem
1345 1629 1491 1710 pertinet
1507 1647 1564 1711 pro
1578 1628 1754 1692 medietate
1768 1632 1791 1691 t'.

291 1713 428 1795 predicti
457 1715 669 1796 prestandum
700 1713 898 1776 nullatemus
926 1716 1142 1797 distringatis.
1186 1716 1283 1779 Teste
1313 1734 1367 1778 me
1403 1715 1473 1797 ipso
1509 1716 1595 1797 apud
1634 1713 1790 1777 Sanctum

290 1799 452 1863 Albanum
468 1801 608 1862 secundo
624 1800 677 1863 die
691 1800 775 1862 Maii
789 1821 875 1863 anno
889 1804 980 1886 regni
995 1805 1098 1865 nostri
1114 1803 1278 1866 tricesimo
1293 1803 1403 1866 tercio.

333 1937 508 2000 Edwardus
523 1943 585 2001 etc.
605 1944 652 2016 (os
667 1940 787 2014 oborta).
832 1938 987 2002 Volentes
1002 1940 1120 2003 dilecto
1134 1946 1168 2002 et
1183 1940 1273 2004 fideli
1288 1947 1398 2003 nostro
1414 1935 1585 2021 Radulpho
1606 1935 1663 2024 [ds
1677 1938 1791 2002 Monte

291 2023 453 2102 Hermeri,
467 2023 595 2111 comiti]
617 2025 821 2089 Gloucestrie
834 2032 868 2088 et
883 2026 1083 2104 Hertfordie,
1098 2029 1154 2110 qui
1178 2029 1347 2091 uobiscum
1373 2027 1406 2088 in
1430 2025 1620 2108 obsequium
1641 2033 1790 2092 nostrum

290 2131 346 2194 per
359 2119 552 2195 preceptum
567 2118 717 2174 nostrum
731 2113 933 2196 profecturus
947 2120 997 2177 est
1012 2113 1054 2176 ad
1069 2122 1178 2198 partes
1195 2114 1315 2192 Scocie,
1330 2113 1474 2200 peciam
1490 2113 1595 2175 iacere
1609 2113 1792 2196 specialem,

289 2198 439 2262 dedimus
464 2201 495 2261 ei
520 2205 703 2282 respectum
730 2220 833 2284 usque
856 2201 896 2262 ad
921 2202 1042 2264 festum
1067 2201 1271 2265 Pentecosten
1291 2201 1439 2284 proximo
1453 2199 1600 2262 futurum
1616 2200 1656 2262 de
1673 2202 1793 2265 auxilio

290 2288 435 2368 predicto
450 2296 512 2348 etc.
532 2290 579 2364 (os
594 2287 721 2370 before).
766 2286 862 2349 Teste
885 2309 937 2350 me
961 2289 1032 2370 ipso
1058 2289 1144 2372 apud
1172 2287 1375 2353 Chestbunte
1402 2287 1488 2372 xiiij⁰
1509 2286 1561 2348 die
1577 2286 1691 2350 Marcii
1707 2309 1792 2351 anno

289 2374 379 2458 regni
395 2375 499 2436 nostri
515 2376 680 2437 tricesimo
694 2375 810 2457 primo·

756 2586 841 2592 —-—
857 2586 876 2592 .-
894 2586 997 2592 -.---.-
1026 2586 1279 2594 .-.—-——.—.--
1293 2589 1325 2594 ..-

908 2743 1007 2819 AJ).
1049 2746 1172 2818 1346.

330 2929 494 3011 Particule
516 2929 658 3011 compoti
684 2927 777 2992 Petri
799 2929 840 2992 de
865 2929 999 3005 Greote,
1023 2933 1224 2994 vicecomitis
1249 2933 1433 3020 Wygornie,
1448 2936 1572 3004 Thome
1587 2940 1619 3003 le
1642 2939 1791 3022 Botiller,

286 3016 442 3093 ohivaler‚
458 3025 493 3080 et
506 3017 629 3079 Thome
644 3014 742 3098 Cassy
757 3017 798 3079 de
816 3014 928 3099 Wych,
944 3017 1152 3081 collectorum
1178 3021 1291 3083 auxilii
1315 3025 1385 3108 regi
1410 3046 1494 3089 auno
1510 3037 1565 3093 xx⁰
1586 3030 1726 3092 concessi
1749 3031 1789 3092 de

286 3106 540 3257 plripnogenitum
555 3103 661 3166 filium
675 3107 762 3186 regis
777 3103 919 3168 militem
933 3105 1081 3168 faciendo
1094 3106 1246 3171 videlicet
1260 3108 1300 3172 de
1316 3111 1461 3193 quolibet
1477 3113 1569 3179 feodo
1592 3117 1698 3180 milite
1716 3119 1786 3195 (sic)

690 3385 910 3450 Huunsanuu
933 3386 1107 3453 Ι)ΙΜΙΙ)ΙΙ
1131 3387 1396 3460 COMITATUS.

329 3521 378 3586 De
406 3521 554 3586 Johanne
582 3521 755 3585 Botetourt
784 3522 889 3606 vij.li.
921 3545 989 3588 aa.
1020 3545 1078 3607 pro
1107 3524 1156 3611 iij.
1186 3527 1210 3590 f.
1241 3535 1275 3590 et
1305 3528 1354 3614 iij.
1386 3533 1533 3613 partibus
1557 3532 1584 3618 j.
1615 3533 1637 3600 i.
1668 3557 1714 3600 m.
1752 3537 1787 3598 in

286 3609 526 3688 Fassuannoa,
541 3609 773 3686 Wanranson,
796 3610 922 3687 Βοωω,
948 3611 1163 3691 Pansauomr,
1182 3613 1399 3694 Swrvusonm
1414 3619 1636 3700 Hennenses,
1654 3623 1787 3689 Norasn-

288 3719 383 3775 sann,
399 3704 433 3760 et
449 3695 662 3773 Caranusca,
678 3716 741 3780 que
757 3696 888 3759 fuerunt
902 3697 1064 3760 Johannis
1077 3699 1118 3761 de
1135 3699 1280 3784 Somery,
1294 3705 1378 3766 siout
1394 3709 1580 3770 continetur
1595 3709 1629 3771 in
1646 3711 1787 3794 quadam

286 3784 499 3871 inquisicione
515 3804 571 3866 per
585 3783 690 3845 dictos
705 3782 891 3846 collectores
907 3791 1002 3866 capta
1017 3785 1056 3848 de
1072 3788 1222 3851 omnibus
1248 3789 1350 3852 feodis
1374 3793 1480 3855 tocius
1505 3797 1682 3860 comitatus
1703 3800 1785 3860 etin

285 3871 462 3936 evidenciis
487 3878 577 3933 extra
600 3871 723 3932 curiam
746 3871 869 3933 eisdem
886 3871 1115 3936 collectoribus
1131 3873 1275 3938 liberatis
1290 3877 1350 3940 sub
1370 3880 1452 3961 pede
1468 3883 1579 3966 magui
1597 3884 1709 3968 sigilli,
1724 3905 1787 3970 que

285 3959 418 4044 quidem
443 3957 610 4020 evidencie
633 3961 778 4020 extracte
804 3959 936 4021 fuerunt
960 3959 1001 4022 de
1024 3961 1142 4024 rotulis
1168 3962 1208 4024 de
1238 3965 1407 4046 particulis
1433 3968 1643 4032 collectorum
1672 3973 1788 4034 auxilii

285 4048 353 4132 regi
378 4045 532 4107 Edwardo
553 4064 613 4106 avo
638 4045 723 4128 regis
748 4064 835 4107 nunc
863 4047 1005 4109 concessi
1031 4067 1115 4111 anno
1142 4048 1250 4134 uviij'⁰
1276 4072 1334 4134 pro
1360 4053 1578 4139 primogenita
1603 4057 1671 4120 filia
1699 4061 1786 4144 regis

285 4131 470 4197 maritanda
484 4131 727 4194 remanentibus
742 4132 776 4193 in
791 4134 940 4195 custodia
956 4137 1213 4198 rememoratoris
1230 4141 1326 4212 regis.

327 4270 369 4332 Et
396 4268 435 4331 de
461 4269 551 4350 vj.li.
577 4267 618 4331 de
640 4266 791 4332 iohanne
816 4269 950 4333 Talebot
973 4291 1030 4352 pro
1056 4272 1160 4334 tribus
1184 4273 1206 4337 f.
1231 4296 1276 4340 m.
1301 4277 1337 4337 in
1364 4277 1590 4357 lllrcnsssun,
1616 4281 1784 4362 quenes,

285 4355 800 4434 AsrvoonRoaaar1‚Gnouns,
825 4357 1051 4435 Bursauone,
1079 4359 1271 4438 Punsnunu,
1300 4372 1336 4425 et
1359 4365 1520 4431 Asrwoos
1549 4367 1703 4446 Maraeu,
1719 4390 1784 4452 que

287 4447 382 4529 Hugo
404 4444 445 4506 de
468 4443 602 4505 Mortuo
625 4442 710 4505 Mari
736 4445 898 4526 quondam
927 4447 1048 4522 tenuit,
1075 4449 1160 4508 sicut
1186 4451 1377 4512 continetur
1403 4460 1465 4516 etc.
1491 4454 1577 4517 infra
1603 4476 1665 4538 que
1691 4457 1787 4521 feoda

283 4534 490 4596 continentur
505 4537 591 4593 terre
606 4533 639 4592 et
655 4534 845 4593 tenementa
859 4532 893 4593 in
910 4532 1124 4597 Euusauoua
1141 4533 1181 4595 de
1197 4535 1264 4597 illis
1288 4537 1411 4600 duabus
1436 4541 1584 4621 partibus
1605 4541 1632 4626 j.
1648 4542 1672 4607 f.
1689 4565 1733 4609 m.
1749 4545 1783 4608 in

283 4621 395 4684 eadem
411 4619 489 4682 villa
504 4617 543 4680 de
567 4617 781 4682 Enuanucoa
805 4619 839 4681 in
864 4621 1026 4682 comitatu
1053 4622 1201 4703 predicto
1224 4631 1257 4684 et
1285 4625 1318 4685 in
1347 4623 1556 4692 Transsnoeu
1572 4629 1606 4690 iu
1622 4634 1784 4696 comitatu

284 4707 413 4791 Salopie
427 4726 486 4789 pro
500 4706 618 4788 quibus
633 4703 777 4789 Rogerus
792 4706 833 4768 de
847 4705 1045 4792 Elmerugge
1061 4716 1213 4770 oneratus
1229 4708 1294 4773 fuit
1308 4711 1347 4774 de
1364 4713 1484 4776 relevio
1500 4735 1566 4777 sno.

326 4844 372 4906 Et
395 4844 435 4907 de
462 4842 566 4928 xiijo.
592 4841 695 4927 iiiia,
722 4842 762 4905 de
792 4843 932 4926 Hugoue
962 4844 1002 4906 dc
1033 4842 1186 4926 Golresey,
1216 4847 1371 4912 Nicholao
1397 4849 1526 4928 Burnel,
1553 4859 1588 4916 et
1612 4857 1718 4936 priore
1744 4857 1784 4921 de

283 4931 567 5015 Maydenbradley,
582 4950 639 5012 pro
662 4932 765 4992 tercia
791 4939 882 5013 parte
903 4929 930 5013 j.
946 4931 971 4995 f.
988 4953 1032 4995 m.
1049 4933 1083 4994 in
1111 4933 1367 5014 Kronauusrnn
1395 4957 1458 5022 que
1484 4938 1650 5004 lohannes
1673 4941 1786 5026 Byset,
1836 4935 1841 4942 ⁴

282 5019 470 5170 {odlppppppr
484 5016 616 5168 lignei,
644 5020 679 5079 et
714 5017 803 5098 prior
839 5018 879 5080 de
918 5017 994 5100 May
1002 5015 1188 5105 [denbradl]
1196 5041 1235 5104 ey
1272 5023 1435 5106 quondam
1475 5031 1663 5108 tenuerunt,
1700 5031 1785 5095 sicut

323 5243 370 5305 Et
383 5243 425 5306 de
439 5263 524 5307 nes.
539 5240 581 5304 ds
603 5240 753 5306 Jobanne
779 5241 821 5304 de
847 5241 985 5306 Grafton
1009 5263 1068 5327 pro
1094 5244 1140 5309 di.
1155 5245 1179 5308 f.
1196 5245 1230 5308 in
1249 5247 1375 5328 Ueios,
1390 5250 1478 5334 quod
1494 5251 1681 5318 Willelmus
1697 5253 1784 5320 filius

281 5329 405 5393 Warini
419 5329 582 5415 quondam
596 5332 718 5408 tenuit,
732 5331 818 5392 sicut
832 5331 1023 5394 continetur
1037 5337 1100 5394 cto.
