4092 6117
387 586 429 653 52
1030 586 1249 659 SUFFOLK.

432 886 614 950 Willelmus
638 884 679 949 de
704 883 832 967 Bohun,
860 905 967 950 eomes
992 885 1254 960 Nortbamtonie‚
1279 890 1370 950 tenet
1395 886 1430 949 iu
1457 884 1660 953 Solensem
1686 894 1752 950 tres
1781 895 1889 971 partes

387 974 412 1059 j.
428 973 453 1041 f.
470 996 516 1040 m.
532 974 573 1037 de
599 973 746 1039 Johsune
769 974 811 1038 de
837 974 926 1059 Lyle,
950 976 1037 1058 quod
1062 974 1194 1038 domina
1218 972 1369 1038 Johauna
1391 974 1432 1038 ds
1456 972 1594 1037 Bouhuu
1611 993 1715 1059 nuper
1729 976 1837 1039 tenuit
1851 976 1886 1038 iu

390 1061 593 1129 somissis
609 1061 649 1125 de
663 1062 828 1125 eomitissa
841 1063 881 1125 de
897 1059 1031 1147 Wyght,
1050 1061 1138 1124 unde
1160 1060 1325 1125 lohannes
1346 1062 1387 1124 de
1410 1060 1547 1125 Freston
1561 1067 1656 1125 tenet
1670 1062 1711 1124 de
1733 1062 1887 1147 predictis

388 1150 494 1211 tribus
519 1150 664 1233 partibus
690 1151 725 1212 in
751 1149 863 1213 eadem
879 1148 956 1212 villa
976 1149 1003 1233 j.
1021 1155 1126 1231 quart.
1143 1150 1166 1213 f.
1181 1150 1267 1235 quod
1289 1146 1455 1217 lohannes
1469 1150 1510 1211 de
1526 1147 1710 1212 Wodshous
1725 1148 1885 1233 quondam

387 1238 492 1299 tenuit
508 1237 542 1299 in
558 1236 671 1299 eadem
687 1236 764 1299 villa
788 1237 828 1300 (le
854 1236 1001 1320 prediola
1021 1235 1181 1300 Johauua.
1226 1236 1271 1298 Et
1296 1236 1463 1319 predictus
1476 1234 1660 1299 Willelmus
1683 1236 1723 1299 de
1747 1235 1884 1300 Bouhuu

429 1461 603 1540 lohannes,
617 1462 704 1545 prior
718 1463 758 1526 de
774 1461 904 1525 Bresete
920 1460 1054 1545 Magus,
1067 1465 1161 1525 tenet
1175 1462 1210 1523 iu
1236 1461 1394 1529 Barasasa
1420 1461 1543 1527 Misus
1568 1462 1592 1547 J'.
1608 1461 1632 1528 f.
1649 1484 1696 1527 m.
1712 1462 1753 1525 de
1766 1459 1885 1525 honore

385 1548 586 1701 qgngqverel
608 1550 694 1633 quod
719 1549 881 1613 Johannes
904 1550 945 1613 de
972 1548 1100 1614 Fenton
1125 1548 1290 1632 quondam
1316 1550 1425 1612 tenuit
1445 1550 1480 1611 in
1494 1550 1608 1612 eadem
1624 1548 1702 1612 villa
1716 1549 1757 1613 de
1771 1551 1883 1613 eodem

429 1772 612 1837 willelmus
626 1773 667 1837 de
682 1772 810 1851 Bohun,
824 1793 930 1837 eomes
945 1771 1231 1856 Northsmplouie,
1247 1778 1340 1837 tenet
1353 1773 1379 1860 j.
1390 1772 1414 1839 f.
1427 1794 1473 1839 m.
1487 1774 1521 1836 iu
1538 1773 1660 1853 Ossou,
1672 1773 1759 1857 quod
1774 1772 1886 1836 Sibilla

385 1860 535 1945 Loveduy
550 1861 713 1949 quondam
730 1862 840 1924 tenuit
853 1862 889 1924 in
905 1861 1016 1928 Ossou
1033 1861 1074 1923 de
1090 1858 1231 1924 Roberto
1246 1858 1408 1927 Stotevill.
1496 1896 1499 1900 ·

427 2011 566 2077 Thomas
580 2013 619 2076 de
635 2012 789 2076 Falsham
803 2018 894 2077 tenet
908 2015 944 2075 in
969 2013 1180 2077 Missurum>
1207 2019 1358 2097 quartam
1384 2018 1511 2097 partem
1527 2012 1551 2077 f.
1567 2032 1613 2077 m.
1629 2012 1667 2076 de
1682 2010 1832 2076 Johanne
1846 2014 1886 2075 de

362 2180 365 2187 Ι
384 2098 567 2253 ffgffind'
583 2100 669 2185 quod
685 2098 861 2165 Nioholaus
877 2101 917 2163 de
934 2100 1090 2163 Falsbam
1107 2101 1274 2183 quondam
1290 2102 1403 2165 tenuit
1417 2101 1451 2163 iu
1467 2100 1669 2166 Mrasussuo
1684 2101 1726 2162 de
1741 2098 1887 2163 Jobauue

428 2318 567 2383 Thomas
592 2319 623 2383 is
648 2320 821 2405 Kerkeney
847 2325 941 2384 tenet
967 2321 1003 2385 iu
1030 2321 1240 2387 Missurum
1266 2326 1418 2405 quartam
1443 2324 1569 2404 partem
1595 2320 1680 2387 im.
1706 2320 1747 2383 de
1761 2320 1887 2384 Andros

386 2405 820 2559 {qllqspriqqtoqpptisalquqqlqes
850 2410 968 2493 Rogeri
999 2407 1174 2493 Karkeuay
1202 2430 1306 2493 nuper
1335 2413 1514 2473 tenuenmt
1542 2410 1577 2471 iu
1607 2408 1720 2471 eadem
1747 2408 1823 2471 villa
1848 2409 1887 2471 de

428 2632 591 2697 Johannes
617 2634 657 2697 de
676 2635 801 2717 ¹Aspale
824 2640 915 2699 tenet
941 2636 974 2697 iu
999 2634 1203 2700 Mruuursuu
1226 2654 1329 2698 unum
1355 2637 1463 2718 quart.
1480 2632 1503 2700 l.
1518 2654 1564 2700 m.
1588 2633 1632 2700 de
1653 2630 1887 2720 [Margareta],

384 2720 770 2873 qqffippqsqqaqqqqqpppllm
785 2722 872 2807 quod
888 2722 1033 2805 Rogerus
1049 2722 1090 2785 de
1105 2722 1224 2806 Aspale
1239 2721 1402 2807 quondam
1429 2722 1539 2785 tenuit
1563 2722 1596 2784 iu
1620 2721 1823 2787 Mrsssssuo
1848 2722 1886 2784 de

427 2944 593 3010 lohannes
619 2947 660 3011 de
687 2946 817 3030 Aepulo,
843 2945 1008 3011 lohannes
1033 2949 1152 3026 Gobel,
1178 2946 1325 3033 Rogems
1352 2946 1500 3026 Bakoun‚
1525 2946 1687 3011 Robertus
1703 2944 1887 3026 Greuehod‚

385 3032 570 3117 Stephanus
594 3032 731 3112 Berlroo,
759 3032 898 3097 Thomas
928 3033 1105 3114 Staseam,
1132 3035 1290 3098 Ricardus
1319 3034 1350 3098 le
1379 3036 1479 3112 Rous,
1507 3034 1684 3097 Matillidis
1713 3032 1887 3117 Furmage‚

384 3121 586 3203 Reginsldus
615 3122 646 3184 le
677 3120 878 3205 Shepherde,
908 3122 1016 3185 Hamo
1047 3124 1095 3187 dil
1125 3122 1228 3202 Rode,
1258 3121 1423 3186 lohannes
1459 3122 1500 3184 de
1537 3120 1697 3205 Belyugg,
1727 3120 1887 3183 Heurious

385 3206 592 3287 Croweherst,
617 3208 803 3272 Willelmus
835 3209 985 3295 Serjauut
1018 3216 1132 3274 tenent
1167 3210 1203 3273 iu
1241 3210 1455 3288 Mmeussuo,
1491 3209 1649 3275 Saoussu
1690 3208 1884 3285 Gsuusoru,

427 3690 610 3758 Willelmus
627 3696 808 3779 Weylsuud
824 3702 918 3763 tenet
933 3698 967 3759 in
983 3698 1147 3762 Beuum
1172 3698 1199 3783 j.
1216 3698 1239 3762 f.
1256 3718 1301 3761 m.
1317 3697 1357 3759 de
1384 3696 1551 3759 eomitissa
1577 3694 1777 3773 Maresoalla‚
1801 3694 1886 3780 quod

387 3296 544 3361 ssorum
560 3298 718 3362 Aussosu
735 3317 838 3359 unum
855 3304 962 3381 quart.
979 3296 1001 3362 f.
1018 3318 1064 3362 m.
1080 3298 1121 3361 de
1142 3296 1334 3361 tenentibus
1356 3295 1514 3360 lobannis
1535 3294 1707 3359 Tmolo-de
1722 3296 1888 3358 eomitissa
2017 3337 2018 3372 3

387 3382 586 3462 Marescalla,
602 3390 635 3446 et
662 3384 777 3448 eadem
804 3386 974 3447 eomitissa
996 3385 1037 3448 de
1063 3386 1184 3448 comite
1209 3383 1395 3464 Suffolohie,
1421 3384 1507 3468 quod
1533 3383 1679 3467 Rogerus
1702 3382 1744 3445 de
1759 3383 1887 3467 Aspale,

383 3468 712 3621 ffiffllllgrggffig
733 3478 767 3534 et
793 3472 891 3534 mulii
919 3472 976 3533 alii
1003 3476 1156 3535 tenentes
1179 3470 1344 3554 quondam
1369 3476 1546 3534 tenuerunt
1570 3471 1604 3531 iu
1629 3469 1740 3532 eedem
1756 3470 1834 3533 villa
1848 3470 1887 3533 de

382 3780 548 3844 lohannes
563 3781 602 3845 de
619 3782 788 3847 Burnavill
803 3791 838 3848 et
853 3790 1000 3847 tenentes
1017 3785 1068 3847 sui
1084 3784 1250 3866 quondam
1267 3788 1443 3847 tenuerunt
1458 3785 1492 3846 in
1504 3782 1616 3845 eadem
1628 3782 1706 3846 villa
1717 3782 1758 3845 de
1769 3783 1887 3845 eomite
2017 3841 2018 3880 ἐ

384 3868 585 3935 llareroallo.

426 4002 610 4069 Willelmus
627 4007 808 4091 Weylaund
825 4012 918 4070 leuet
933 4008 968 4069 in
984 4006 1298 4072 Dsuuoumsoouus
1315 4008 1378 4069 tria
1393 4011 1500 4089 quart.
1523 4006 1547 4091 j.
1563 4004 1586 4070 f.
1603 4027 1648 4069 m.
1665 4006 1705 4069 de
1721 4006 1887 4069 eomitissa

383 4090 581 4173 Maresoalle,
597 4095 684 4178 quod
699 4094 865 4159 lohannes
880 4094 921 4157 de
938 4092 1107 4157 Burnavill
1122 4094 1287 4176 quondam
1303 4095 1410 4156 tenuit
1426 4096 1462 4156 in
1477 4094 1589 4156 eadem
1604 4092 1692 4156 villa.

425 4242 588 4307 Johanues
612 4246 652 4309 de
679 4243 825 4330 Thweyl,
852 4244 1016 4310 lohannes
1044 4246 1235 4329 Sooteneye‚
1261 4244 1376 4309 etalii
1401 4264 1512 4308 eorum
1528 4244 1707 4327 paroenarii
1722 4244 1885 4305 tenentis

382 4331 695 4399 Dsuuouorsuouus
726 4340 876 4417 quartam
905 4340 1033 4416 partem
1059 4332 1084 4397 f.
1111 4354 1156 4398 m.
1182 4334 1269 4417 quod
1296 4334 1401 4396 Adam
1431 4331 1610 4413 Sooteneye
1640 4337 1675 4393 et
1707 4330 1886 4393 willelmus

380 4418 505 4481 Tebaui
520 4420 686 4501 quondam
704 4425 881 4483 tenuerunt
896 4422 930 4483 iu
947 4420 1058 4483 eadem
1074 4421 1153 4483 villa
1170 4420 1210 4483 de
1226 4418 1376 4484 Johanne
1391 4420 1433 4482 ds
1448 4417 1626 4483 Burnavill.
1733 4422 1740 4433 '

424 4572 582 4637 Ricardus
597 4574 627 4637 le
644 4572 786 4637 Bretoun
802 4580 894 4638 tenet
909 4578 944 4638 in
960 4576 1125 4642 Bsssssu
1140 4576 1209 4662 viij.
1227 4583 1353 4661 partem
1367 4575 1391 4639 i.
1405 4598 1451 4643 m.
1463 4576 1503 4639 de
1518 4573 1685 4638 eomitissa
1696 4571 1886 4635 Msresoalla

381 4662 573 4811 qqurdfflcqsliss
606 4661 770 4724 Johauues
799 4661 829 4724 le
861 4660 1005 4727 Bretouu
1036 4666 1199 4749 quondam
1230 4664 1339 4728 tenuit
1371 4666 1405 4726 iu
1436 4663 1550 4727 eadem
1581 4659 1659 4725 villa
1697 4660 1737 4723 de
1767 4661 1884 4722 oomite

424 4876 589 4940 lohannes
619 4878 650 4942 le
684 4878 828 4965 Mouuey
860 4886 952 4946 tenet
981 4884 1016 4947 in
1048 4884 1207 4951 urorum
1236 4886 1396 4949 Ausssau
1425 4884 1628 4968 quarterium
1659 4883 1684 4969 j.
1716 4884 1739 4947 f.
1767 4906 1812 4950 m.
1843 4885 1883 4947 de

380 4966 547 5028 eomitissa
569 4965 759 5029 Maresoallo
786 4968 872 5052 quod
899 4972 968 5049 (sio)
995 4970 1163 5034 Johauues
1187 4970 1217 5034 le
1243 4970 1388 5055 Mouuey
1403 4968 1565 5054 quondam
1590 4973 1699 5034 tenuit
1722 4973 1757 5033 iu
1772 4971 1883 5035 eadem

381 5051 459 5115 villa
473 5052 515 5113 de
531 5054 651 5115 comite
667 5052 869 5120 Maresoallo.

423 5185 538 5249 Frater
563 5186 735 5272 Philippus
760 5190 802 5253 de
831 5192 964 5271 Thema,
978 5193 1065 5277 prior
1079 5191 1252 5278 hospitalis
1277 5193 1391 5257 Sancti
1415 5189 1576 5255 Johaunis
1590 5193 1629 5255 de
1644 5191 1825 5257 Jerusalem
1849 5194 1884 5256 in

380 5272 510 5355 Augila,
524 5280 618 5338 tenet
644 5277 679 5339 iu
703 5276 889 5345 Consum
915 5278 960 5346 di.
975 5282 999 5347 f.
1016 5302 1062 5348 m.
1087 5282 1129 5344 ds
1153 5281 1282 5366 Rogero
1305 5279 1374 5342 filio
1398 5279 1525 5343 Osberti
1548 5278 1636 5363 quod
1659 5281 1748 5363 prior
1771 5280 1882 5344 Sancti

380 5357 538 5425 iohannis
554 5362 593 5423 rie
608 5361 788 5431 Jerusalem
806 5386 909 5453 nuper
923 5369 1035 5431 lenuit
1055 5365 1111 5456 [de
1126 5368 1254 5455 Bogero
1268 5364 1422 5455 Tregoz].
