4092 6117
938 563 1209 634 WILTSHIRE.

960 855 1147 919 taxaturad
1476 850 1656 916 subsidium

367 996 511 1063 Ecclesia
525 999 566 1063 de
580 1001 785 1069 Domeros
1000 1023 1072 1065 xxv·
1082 1023 1180 1067 marc.
1434 1002 1543 1088 xxxiij.
1552 1026 1578 1068 s.
1593 1001 1655 1087 iiij.
1665 1004 1697 1065 cl.

366 1141 411 1205 Et
425 1152 600 1208 onerantur
615 1152 680 1213 etc.
696 1147 737 1211 de
750 1168 820 1232 xps.
833 1147 875 1211 de
900 1145 1045 1210 subsidio
1069 1147 1238 1231 cujusdam
1264 1147 1425 1231 porcionis
1450 1169 1513 1212 aa.
1530 1166 1626 1231 quain
1651 1151 1756 1210 rector
1781 1145 1825 1208 de

322 1228 594 1296 lwomeministre
610 1236 750 1318 percipit
764 1236 799 1298 in
814 1234 940 1299 eadem.

364 1373 508 1440 Ecclesia
523 1378 564 1442 de
578 1378 751 1445 Banasnon
997 1398 1028 1441 ι.
1041 1401 1137 1443 coare.
1430 1376 1498 1462 xiij.
1509 1400 1535 1442 s.
1552 1375 1613 1462 iiij.
1623 1377 1656 1442 d.

449 1566 471 1601 ‚‚
573 1524 753 1590 Bnaascac
999 1545 1051 1589 xx.
1062 1547 1159 1589 cincre.
1430 1522 1552 1606 xxvio.
1570 1523 1681 1608 viij.d.

364 1665 408 1728 Et
422 1677 594 1732 onerantur
608 1676 670 1734 etc.
688 1669 730 1733 de
747 1669 783 1756 ij.
794 1693 820 1736 a.
836 1668 906 1755 viij.
917 1672 948 1735 d.
973 1671 1014 1732 de
1041 1670 1185 1732 subsidio
1211 1668 1247 1754 ij.
1263 1670 1451 1752 porcionnm
1475 1669 1560 1753 xxssj.
1571 1693 1598 1734 a.
1617 1669 1725 1754 viiic.
1742 1691 1824 1750 quas

319 1754 573 1907 {gogaffem
587 1757 629 1819 de
646 1759 808 1821 staunton
826 1765 862 1820 et
887 1757 1120 1840 prebendarius
1135 1757 1176 1820 de
1193 1755 1423 1841 Chesyngbury
1439 1759 1615 1839 ceperatim
1640 1757 1826 1840 percipiunt

363 1988 508 2052 Ecclesia
521 1989 561 2052 de
576 1989 732 2056 ΟοΜΡτοΝ
999 2011 1053 2056 ιι.
1065 2013 1161 2055 noers.
1432 1989 1517 2070 xxvj.
1527 2012 1552 2052 a.
1569 1987 1636 2072 viij.
1647 1985 1680 2052 d.

629 2137 775 2201 Ecclesia
793 2139 861 2216 (sic)
879 2143 990 2202 taxata
1005 2137 1090 2200 inira
1105 2153 1265 2199 summam
1279 2155 1311 2200 x.
1327 2154 1516 2198 marcarum.

363 2289 505 2354 Ecclesia
519 2289 560 2353 de
577 2289 769 2358 Scasssoan
1000 2290 1042 2356 ix.
1054 2312 1150 2354 nicrc.
1432 2288 1475 2370 vj.
1486 2313 1513 2352 a.
1531 2287 1599 2372 viij.
1610 2289 1641 2352 d.

362 2436 406 2498 Et
420 2442 596 2499 onerantur
609 2444 672 2500 etc.
689 2434 729 2499 de
744 2435 813 2522 viij.
824 2461 850 2501 s.
866 2435 927 2521 iiij.
938 2433 971 2501 d.
986 2436 1027 2498 de
1053 2435 1197 2498 subsidio
1222 2432 1393 2516 cujusdam
1422 2423 1582 2516 porcionis
1598 2453 1669 2495 ιιι.
1680 2457 1705 2498 a.
1722 2453 1824 2516 quam

318 2523 467 2586 monachi
492 2522 534 2586 de
558 2523 636 2585 Lira
661 2524 846 2606 percipiunt
869 2526 904 2585 in
930 2522 1056 2598 eadem,
1071 2543 1127 2606 pro
1142 2543 1179 2585 eo
1195 2521 1280 2606 quod
1298 2522 1422 2584 taxacio
1437 2519 1581 2603 ejusdem
1597 2520 1730 2583 ecclesie
1745 2541 1822 2585 cum

317 2610 466 2693 porcione
481 2609 627 2692 predicta
639 2611 764 2674 excedit
779 2630 940 2674 summam
955 2631 986 2675 x.
1002 2629 1192 2674 marcarum.

361 2753 502 2817 Ecclesia
537 2755 577 2817 de
614 2755 814 2820 Eaaasaoaa
854 2756 948 2918 cum]
1019 2846 1060 2861 ..
1428 2797 1503 2878 ij·
1521 2795 1629 2881 viijc.

566 2843 715 2924 porcione
729 2840 929 2904 consolidata

361 2987 407 3050 Et
421 2993 594 3051 onerantur
609 2993 670 3050 etc.
687 2989 727 3050 de
743 3009 774 3051 x.
784 3007 811 3051 a.
828 2985 897 3072 viij.
909 2988 940 3051 d.
958 2987 997 3048 de
1021 2985 1167 3049 subsidio
1192 2986 1360 3071 cujusdam
1383 2987 1543 3070 porcionis
1567 2985 1701 3070 lxxiijs.
1719 2985 1823 3070 iiiia.

316 3095 414 3158 quam
429 3076 576 3138 canonici
591 3075 632 3138 de
647 3075 800 3138 Bromora
814 3074 1003 3156 percipiunt
1017 3075 1050 3135 in
1068 3074 1194 3153 eadem,
1210 3095 1248 3136 eo
1262 3075 1347 3158 quod
1361 3081 1423 3137 etc.
1445 3079 1492 3150 (aa
1507 3075 1625 3148 chose).

361 3221 490 3304 Capella
532 3221 572 3283 de
615 3221 728 3288 Cnoaa
770 3221 928 3288 Homnae

584 3328 711 3371 annexa
725 3315 776 3371 est
791 3307 929 3371 ecclesia
999 3307 1040 3390 vj.
1053 3330 1149 3373 marc.
1433 3307 1512 3388 vj.s.
1530 3305 1641 3390 viiii.

586 3395 626 3459 de
641 3396 758 3461 Neam
773 3396 917 3461 anson

360 3538 505 3602 Ecclesia
520 3537 562 3600 de
579 3537 709 3604 scama
1003 3537 1071 3624 viij.
1082 3561 1178 3604 incre.

359 3682 501 3746 Ecclesic
530 3687 638 3746 taxata
664 3681 749 3744 inira
774 3703 934 3745 summam
961 3704 992 3748 ι.
1019 3704 1198 3746 marcarum
1223 3689 1259 3747 et
1282 3702 1346 3745 non
1374 3687 1451 3744 sunt
1476 3700 1506 3744 ι.
1533 3677 1756 3744 inhabitantes
1786 3685 1821 3745 in

316 3771 475 3852 parochiis
491 3769 683 3833 earundem.

359 3913 504 3979 Ecclesia
518 3915 558 3978 de
574 3914 732 3980 Tacapas
1001 3913 1045 3997 vj.
1057 3937 1152 3980 otiare.
1431 3912 1459 3974 N
1463 3910 1554 3977 ichil.

896 4057 1043 4123 Ecclesic
1058 4079 1121 4123 non
1138 4065 1257 4124 taxata.

361 4208 505 4272 Ecclesia
519 4207 560 4270 de
575 4206 702 4272 Firma
996 4241 1170 4254 ——·
1430 4202 1507 4286 vj.s.
1525 4202 1633 4289 viijai.

448 4390 469 4421 ‚‚
576 4345 781 4409 Bansconan
997 4379 1171 4387 --—

449 4532 469 4560 ‚‚
580 4480 714 4547 'lavans
998 4515 1172 4526 --—

450 4673 470 4698 „
578 4620 789 4686 Hoasasson
996 4653 1171 4666 ——-—-
1528 4667 1548 4695 „

635 4756 779 4820 Ecclesia
794 4775 858 4820 non
874 4761 985 4820 taxata
1001 4762 1036 4821 et
1050 4776 1114 4820 non
1129 4760 1207 4818 sunt
1220 4777 1251 4820 ι.
1267 4753 1498 4819 inhabitantes.

363 4905 506 4969 Ecclesia
520 4905 559 4967 de
575 4906 701 4970 Ansam
1431 4897 1553 4964 Nichil.

452 5094 471 5120 ,,
583 5042 760 5110 (innotans

450 5227 472 5262 ,,
580 5182 809 5246 Baucsconaa

651 5319 794 5383 Ecclesic
809 5314 1009 5400 parochiales
1022 5337 1085 5400 qus
1101 5325 1178 5380 sunt
1192 5317 1354 5400 prebende
1370 5320 1490 5382 laxate.
