4092 6117
356 609 398 675 ro
998 554 1213 675 surrouu.

399 894 448 957 De
464 876 614 959 Johaune
630 894 734 979 suiuy
747 899 782 959 et
798 893 925 958 Andrea
940 894 981 959 de
995 894 1100 959 Burea
1113 894 1301 959 umentibus
1327 892 1364 956 in
1393 892 1532 958 Rumor
1558 892 1708 973 quartam
1734 889 1862 971 partem

355 982 378 1045 f.
394 1004 440 1047 m.
457 985 543 1068 quod
558 982 721 1047 Johaunes
735 983 776 1045 de
792 981 872 1045 Suln
905 988 940 1045 et
951 981 1135 1048 Willeimus
1149 984 1191 1046 de
1208 982 1330 1051 saneto
1345 981 1491 1044 Martino
1506 978 1669 1065 quondam
1685 980 1862 1040 tenuerunt

355 1071 391 1132 iu
404 1070 518 1133 eadem
532 1069 663 1133 villarie
679 1068 797 1134 herede
820 1003 895 1157 [deff
910 1069 997 1133 Vaua
1086 1104 1706 1121 -------
1796 1084 1859 1128 rua.

401 1208 449 1271 De
472 1208 621 1271 Johaune
645 1208 686 1271 de
710 1207 796 1291 Orby
821 1210 855 1271 et
880 1208 951 1271 Ada
977 1208 1019 1271 de
1045 1206 1167 1271 Clifton
1194 1206 1385 1272 tenentibus
1409 1206 1445 1268 in
1469 1204 1696 1273 Summanu
1711 1206 1861 1285 quartam

356 1302 483 1379 partem
499 1295 522 1361 f.
539 1318 584 1362 m.
601 1296 686 1379 quod
703 1296 889 1359 Wilielmus
903 1295 945 1358 de
961 1294 1111 1363 Garleton
1131 1300 1177 1374 (et
1201 1300 1350 1357 tenentes
1376 1294 1428 1355 sui
1453 1291 1675 1375 interpola-ted)
1698 1290 1860 1374 quondam

357 1384 464 1447 tenuit
479 1384 515 1446 in
529 1384 642 1446 eadem
659 1384 735 1446 villa
750 1384 792 1447 da
807 1382 948 1446 Roborio
963 1384 1004 1446 de
1018 1382 1194 1448 Tatishale.

400 1518 448 1583 De
477 1520 625 1583 Johanne
654 1519 694 1581 de
725 1518 864 1601 Reymes
893 1519 1029 1580 tenente
1059 1518 1094 1580 iu
1124 1517 1274 1582 Haonarr
1304 1518 1454 1600 quartam
1485 1516 1612 1597 partem
1641 1511 1666 1578 f.
1697 1532 1743 1578 m.
1773 1511 1860 1595 quod

356 1606 376 1669 J
379 1605 522 1671 ohannes
538 1607 578 1670 de
595 1606 734 1691 Reymes
753 1609 800 1684 (et
816 1609 966 1669 tenentes
982 1594 1032 1667 s‘ui
1048 1604 1270 1688 ioteqroiated)
1288 1602 1453 1686 quondam
1467 1600 1580 1664 tenuit
1593 1600 1628 1661 in
1655 1598 1766 1662 eadem
1783 1598 1860 1662 villa

357 1693 396 1756 de
412 1696 529 1757 comite
545 1692 735 1757 Mareseallo
781 1726 1709 1743 ----------
1797 1708 1858 1751 r.a.

404 1832 449 1895 De
464 1831 606 1895 Roberto
622 1831 653 1894 le
671 1831 786 1894 Hunte
804 1834 942 1893 tenente
957 1834 1108 1912 quartam
1131 1835 1258 1913 partem
1274 1829 1298 1894 f.
1314 1849 1360 1894 ιιι.
1375 1827 1411 1890 in
1430 1826 1581 1892 Haemi(
1595 1825 1683 1908 quod
1697 1822 1860 1889 iohannes

354 1918 395 1981 de
410 1919 755 2004 Geddyngquoudum
770 1918 879 1981 tenuit
893 1919 928 1980 in
945 1918 1060 1980 eadem
1075 1915 1210 1980 villade
1225 1917 1345 1979 oomite
1360 1915 1607 1978 Glouoeatrie-
1697 1952 1708 1963 -
1796 1933 1859 1977 xa.

398 2055 448 2118 De
465 2034 628 2120 Willelmo
655 2055 784 2119 Baroun
811 2060 947 2119 tenente
970 2056 1005 2118 in
1033 2055 1209 2122 Corui-mor
1231 2077 1302 2121 xxx.
1319 2060 1447 2138 purtem
1473 2050 1495 2117 f.
1511 2072 1557 2117 m.
1583 2052 1670 2134 quod
1696 2050 1724 2113 F
1726 2050 1799 2114 uico
1822 2050 1861 2113 de

356 2142 484 2207 Baroun
499 2144 663 2229 quondam
678 2144 789 2207 tenuit
803 2144 838 2207 iu
853 2143 966 2206 eadem
982 2142 1061 2205 vilia
1075 2143 1116 2205 de
1134 2141 1299 2205 willelmo
1314 2142 1384 2203 filio
1398 2138 1563 2223 Radulphi
1595 2179 1606 2190 -
1696 2178 1707 2189 -
1752 2136 1859 2223 xvj.d.

401 2281 448 2343 De
465 2281 608 2345 Waltero
634 2280 770 2345 Fakouu
798 2286 930 2344 tenente
957 2283 991 2343 in
1017 2280 1233 2346 Hmrursuau
1256 2282 1280 2366 j.
1296 2281 1510 2343 medietatem
1534 2278 1575 2341 de
1589 2278 1614 2362 j.
1629 2276 1652 2339 f.
1668 2297 1713 2341 m.
1729 2277 1859 2359 integro

282 2364 287 2375 '
356 2368 442 2454 quod
458 2369 592 2452 quidem
607 2370 794 2434 turrentes
808 2368 1212 2431 tenementorumi'alboti
1228 2368 1267 2431 de
1282 2364 1493 2430 Hintlerbam
1509 2364 1673 2449 quondam
1689 2368 1862 2425 tenuerunt

357 2458 396 2519 de
411 2456 547 2518 domino
561 2475 637 2539 rege
651 2458 695 2520 i.o
698 2488 1706 2520 -----------
1775 2471 1825 2514 ιι.
1833 2473 1858 2515 a.

399 2590 448 2652 De
464 2590 638 2654 Edmuudo
653 2591 683 2654 le
701 2590 822 2654 Blount
837 2595 970 2655 tenente
985 2596 1137 2675 quartam
1151 2595 1277 2674 partem
1293 2600 1327 2653 et
1341 2591 1386 2658 di.
1398 2591 1599 2675 quarterium
1612 2592 1647 2651 et
1657 2588 1723 2670 xvj.
1734 2592 1858 2671 partem

355 2678 434 2849 qiggq.
446 2678 600 2827 iperedicto
616 2679 702 2812 queri
718 2679 819 2817 iidem
836 2678 1161 2818 temutes-quomdam
1186 2684 1365 2817 tenuerunt
1389 2680 1425 2817 in
1451 2676 1563 2816 ear-iem
1580 2675 1723 2845 qillrrxque
1735 2676 1859 2845 ⁸eqqueqr

400 2902 449 2965 De
465 2902 592 2966 Andrea
619 2903 659 2966 de
686 2903 790 2967 Bures
816 2908 948 2967 tenente
972 2906 1007 2967 in
1032 2904 1248 2970 Hruaursnau
1274 2902 1374 2990 xxxij.
1399 2906 1525 2987 partem
1548 2900 1695 2986 ejusdem
1720 2900 1744 2964 f.
1772 2902 1857 2984 quod

355 2990 457 3055 iidem
473 2996 623 3054 tenentes
639 2990 803 3076 quondam
818 2997 997 3055 tenuerunt
1012 2991 1054 3054 de
1069 2991 1182 3055 eodem
1198 2993 1342 3076 regaie.
1389 3030 1400 3041 ·
1490 3030 1501 3039 -
1592 3028 1603 3039 -
1693 3027 1704 3038 ·
1761 2987 1857 3071 xijrl.

400 3126 449 3189 De
473 3126 599 3189 Thoma
621 3127 663 3189 de
688 3125 856 3189 Holbrook
882 3131 1018 3190 tenente
1033 3128 1069 3189 in
1085 3127 1300 3193 Hiurmsm
1315 3125 1413 3211 xxxij.
1430 3128 1557 3208 partem
1573 3124 1720 3209 ejusdem
1737 3124 1760 3190 f.
1777 3125 1859 3209 quod

355 3212 456 3277 iidem
472 3219 621 3278 tenentes
635 3215 797 3298 quondam
814 3217 993 3277 tenuerunt
1009 3213 1052 3276 de
1067 3214 1182 3277 eodem
1198 3234 1275 3299 rege
1290 3215 1404 3279 i.c.-
1492 3248 1507 3259 ·
1596 3250 1607 3261 ·
1696 3212 1856 3295 -xvj.d.

399 3350 447 3413 De
476 3348 635 3413 Katerina
660 3350 816 3434 Talmage
847 3355 981 3414 tenente
1006 3352 1041 3413 in
1068 3350 1148 3415 villa
1174 3350 1215 3415 de
1243 3352 1425 3417 Burrum
1450 3351 1496 3414 di.
1523 3351 1546 3415 s.
1572 3370 1618 3415 m.
1646 3349 1733 3433 quod
1759 3348 1857 3433 Hugo

355 3437 510 3522 Talmage
527 3437 691 3521 quondam
708 3439 816 3502 tenuit
832 3438 866 3501 iu
882 3438 996 3501 eadem
1012 3438 1090 3501 villa
1105 3438 1144 3502 de
1159 3438 1293 3503 domino
1307 3459 1384 3523 rege
1398 3440 1452 3503 io.
1493 3476 1505 3489 ·
1594 3476 1605 3487 ·
1696 3477 1707 3488 -
1774 3459 1856 3504 amr.

398 3573 446 3635 De
461 3573 543 3635 Lora
558 3572 670 3636 Bonde
687 3580 821 3637 tenente
837 3576 872 3635 in
888 3574 1117 3641 Huuuusruua
1141 3580 1291 3658 quartam
1319 3581 1446 3659 partem
1468 3574 1492 3638 s.
1508 3596 1553 3639 m.
1569 3574 1655 3657 quod
1671 3572 1856 3636 Willelmus

354 3660 586 3810 qqaliiijqqqqede·
612 3668 647 3724 et
673 3666 827 3799 tenentes
852 3663 903 3799 eui
926 3663 1091 3746 quondam
1116 3668 1294 3727 tenuerunt
1319 3664 1353 3726 in
1376 3661 1648 3800 eadem.Vill⁸.de
1675 3659 1856 3814 honorexqe

399 3884 448 3947 De
463 3883 589 4033 'it'homa
606 3884 798 3969 Baldewyne
815 3890 945 3949 tenente
960 3887 994 3949 in
1007 3888 1212 3955 Buueuouru
1223 3909 1281 3971 per
1291 3889 1468 3972 omagium,
1480 3886 1581 3950 nichil
1592 3885 1681 3949 aliud
1692 3886 1855 3971 inquirere

355 3992 474 4055 possuu
494 4021 502 4037 .

397 4100 447 4163 De
470 4099 768 4164 Roberto’Balroun
792 4106 926 4166 tenente
949 4105 982 4166 in
1006 4105 1195 4170 anauuou
1210 4104 1290 4168 duas
1315 4110 1424 4188 partes
1439 4105 1462 4168 f.
1478 4124 1524 4168 m.
1540 4075 1626 4185 quoi
1641 4102 1800 4166 Ricardur
1813 4103 1853 4164 de

353 4188 516 4250 Alwarton
543 4194 578 4250 et
604 4196 753 4253 tenentes
777 4191 828 4253 rui
852 4191 1015 4271 quondam
1042 4199 1221 4256 tenuerunt
1247 4194 1281 4254 in
1310 4192 1423 4256 eadem
1447 4190 1525 4254 villa
1551 4190 1591 4252 de
1608 4188 1774 4252 Willelmo
1788 4190 1855 4253 fiiio

355 4272 518 4358 Raduiphi
575 4314 1497 4330 ----------
1612 4278 1729 4363 xxvjo.
1745 4276 1851 4364 viijrt.

762 4454 897 4521 Summa
923 4415 1311 4591 ritiitrrruf·
1332 4437 1408 4500 ⁹⁸¹⁸
1423 4417 1445 4481 s·

842 4716 1063 4783 Huuuuuuuu
1086 4740 1130 4783 uu
1153 4718 1374 4786 CLEYDON.

398 4850 444 4913 De
459 4848 608 4913 Johanne
623 4850 762 4915 Howard
779 4858 912 4917 tenente
927 4858 962 4918 in
977 4856 1112 4922 Buouus
1127 4877 1228 4920 uuam
1243 4857 1455 4921 medietatem
1474 4856 1502 4939 j.
1518 4856 1541 4922 f.
1557 4878 1602 4922 m.
1618 4856 1704 4941 quod
1735 4856 1851 4933 isolda,

353 4938 469 5001 relicta
486 4938 616 5001 Robarti
632 4938 672 5001 de
689 4938 803 5017 Boreo,
818 4942 984 5025 quondam
998 4947 1109 5008 tenuit
1122 4946 1157 5007 in
1172 4946 1287 5008 eadem
1305 4944 1381 5007 villa
1396 4944 1435 5007 de
1451 4943 1572 5010 honore
1587 4946 1629 5008 de
1644 4943 1736 5007 Clare
1768 4962 1850 5008 ιιι.

398 5076 444 5138 De
460 5076 599 5160 Hugone
614 5074 819 5161 Burgelyoun
835 5085 969 5145 tenente
985 5085 1133 5167 quartam
1147 5088 1277 5166 partem
1291 5083 1440 5166 ejusdem
1454 5081 1479 5150 f.
1491 5082 1577 5167 quod
1592 5082 1739 5164 predicta
1747 5079 1851 5143 isolda

352 5164 515 5245 quondam
531 5164 642 5227 tenuit
655 5164 696 5227 de
710 5165 822 5229 eodem
837 5167 956 5233 honore
978 5204 1698 5223 --------
1786 5188 1850 5233 aa.

398 5298 445 5363 De
460 5300 654 5385 Baldewyuo
669 5302 717 5366 dil
731 5302 812 5369 Dale
828 5309 961 5371 tenente
985 5308 1122 5373 alteram
1144 5313 1294 5394 quartam
1316 5313 1442 5391 partem
1466 5307 1614 5391 ejusdem
1627 5305 1652 5373 f.
1667 5307 1702 5369 in
1717 5306 1849 5374 Buons

352 5386 437 5474 quod
450 5389 563 5451 eadem
580 5388 687 5452 lsolda
701 5392 865 5477 quondam
880 5396 990 5460 tenuit
1004 5396 1044 5459 de
1059 5397 1173 5459 eodem
1188 5395 1309 5460 honore
1383 5434 1394 5448 ·
1483 5435 1495 5447 -
1585 5435 1597 5447 ·
1685 5432 1699 5445 ·
1787 5416 1849 5460 ι.ε.
