4092 6117
804 578 886 645 ab.
909 580 1140 647 -1347-1348.
1290 613 1294 622 ι
1677 577 1718 643 96

215 873 302 933 terre
331 872 368 934 et
398 873 591 933 tenementa
617 870 757 934 fuissent
788 869 928 954 parcella
961 872 1098 935 manerii
1132 869 1172 933 de
1198 865 1375 937 Pesenhale
1401 888 1476 932 curn
1506 886 1571 931 non
1596 866 1719 932 fuerint

218 961 372 1020 oneratus
409 958 558 1020 extiterit
593 957 659 1019 Vos
703 964 813 1021 tamen
853 1005 1297 1023 .........
1336 959 1487 1039 pretextu
1534 954 1718 1041 aliquarum

218 1044 461 1107 evidenicarum
491 1044 660 1127 cujusdam
689 1044 874 1128 hujusmodi
903 1044 1016 1108 auxilii
1048 1051 1194 1127 tempore
1223 1044 1327 1127 ipsius
1356 1044 1409 1106 avi
1437 1043 1539 1105 nostri
1577 1044 1719 1105 concessi

216 1132 433 1211 tangencium
450 1132 540 1193 vobis
554 1152 611 1213 per
624 1152 683 1193 nos
697 1135 868 1194 missarum
886 1153 906 1194 a
928 1132 1054 1214 prefato
1076 1132 1192 1195 abbate
1217 1150 1275 1214 pro
1297 1138 1389 1193 sexta
1414 1136 1506 1212 parte
1532 1129 1720 1193 medietatis

218 1217 304 1280 leodi
330 1218 436 1280 levare
459 1220 629 1281 intenditis
657 1221 764 1281 minus
787 1221 875 1305 juste
898 1226 932 1282 et
954 1220 1061 1301 ipsum
1085 1218 1236 1282 abbatem
1259 1238 1296 1280 ea
1311 1217 1476 1281 occasione
1491 1216 1720 1299 multipliciter

217 1306 411 1388 inquietatis
440 1306 568 1367 omissis
604 1307 791 1369 tenentibus
827 1312 986 1368 terrarum
1022 1312 1056 1368 et
1093 1310 1354 1369 tenementorum
1388 1304 1469 1368 dicti
1507 1305 1643 1375 manerii
1679 1304 1720 1367 de

218 1391 399 1457 Pesenhale
427 1394 484 1474 qui
513 1389 585 1477 [per
618 1394 676 1455 hos
708 1390 826 1479 annos]
854 1395 981 1456 onerari
1011 1394 1131 1455 debent
1161 1394 1197 1456 in
1233 1392 1338 1475 ipsius
1374 1390 1501 1455 abbatis
1538 1392 1718 1473 dampnum

218 1498 283 1541 non
305 1480 473 1542 modicum
493 1491 528 1541 et
550 1498 735 1561 gravamen.
781 1481 884 1561 Super
906 1501 968 1563 que
989 1480 1082 1543 nobis
1108 1480 1304 1562 supplicavit
1318 1478 1380 1540 sibi
1394 1498 1451 1561 per
1465 1497 1522 1540 nos
1538 1478 1718 1541 remedium

218 1564 366 1629 adhiberi
379 1570 414 1628 et
428 1567 506 1648 quia
519 1566 671 1629 nolumus
685 1567 770 1651 qnod
783 1568 889 1630 eidem
904 1567 1015 1630 abbati
1031 1568 1112 1629 dicti
1129 1566 1314 1629 collectores
1329 1565 1487 1649 injurient
1502 1567 1538 1627 in
1553 1564 1613 1627 hac
1627 1572 1719 1647 parte

218 1652 308 1715 vobis
338 1653 531 1715 mandamus
559 1654 646 1736 quod
677 1660 705 1716 si
734 1674 792 1736 per
820 1654 1070 1737 inquisicionem
1097 1654 1124 1716 si
1153 1672 1285 1716 neeesse
1320 1652 1421 1715 luerit
1450 1653 1640 1735 capiendam
1669 1651 1720 1715 vel

217 1738 402 1803 faciendam
418 1740 566 1824 legitime
580 1741 669 1805 vobis
684 1748 831 1804 constare
846 1742 967 1825 poterit
980 1740 1126 1824 predicta
1142 1754 1244 1803 terras
1259 1744 1294 1802 et
1309 1744 1497 1803 tenementa
1522 1758 1580 1825 pro
1601 1738 1720 1822 quibus

218 1827 421 1910 predecessor
435 1828 539 1909 ipsius
553 1827 682 1891 abbatis
696 1829 738 1891 de
752 1828 840 1892 dicta
853 1828 1033 1891 medietate
1048 1828 1069 1890 f.
1085 1828 1125 1890 ad
1147 1824 1339 1912 hujusmodi
1360 1826 1519 1889 auxilium
1541 1826 1587 1889 sic
1610 1826 1718 1891 debite

217 1923 370 1977 oneratus
393 1913 504 1977 extitit
530 1934 599 1978 esse
620 1914 759 1998 parcella
780 1915 861 1978 dicti
883 1916 1017 1978 manerii
1040 1914 1079 1976 de
1102 1916 1254 1980 Lnrsrorv
1276 1913 1367 1976 etin
1393 1912 1528 1977 liberam
1547 1933 1660 1995 puram
1683 1918 1717 1977 et

219 2006 411 2083 perpetuam
425 2001 635 2065 elemosinam
650 2004 753 2066 teneri
769 2008 803 2065 et
818 2021 881 2065 non
908 2002 1049 2085 parcella
1063 2001 1103 2065 de
1118 2002 1263 2064 manerio
1277 2002 1317 2064 de
1332 2000 1532 2066 Psssrvusns
1547 2002 1717 2085 ipsumque

218 2087 371 2151 abbatem
386 2087 437 2151 vel
462 2090 698 2172 predecessores
724 2110 796 2153 suos
821 2090 963 2172 aliquam
986 2094 1110 2173 partem
1136 2088 1281 2173 ejusdem
1304 2088 1440 2150 manerii
1462 2086 1501 2149 de
1516 2088 1716 2153 Praesume

218 2174 327 2258 aliquo
349 2180 496 2257 tempore
519 2183 676 2240 retroacto
697 2196 760 2239 non
775 2178 915 2240 tenuisse
929 2182 1009 2240 tunc
1023 2176 1218 2238 demandam
1232 2194 1329 2259 quam
1344 2174 1451 2237 tacitis
1466 2174 1592 2257 prefato
1606 2174 1717 2237 abbati

219 2282 276 2342 pro
291 2262 340 2345 iij.
350 2284 375 2326 s.
392 2262 492 2346 iiijc.
510 2263 662 2344 pretiatis
677 2264 907 2346 supersedeatis
917 2263 1061 2327 omnino.
1099 2262 1141 2323 Et
1154 2262 1346 2325 demandam
1359 2262 1383 2325 si
1395 2281 1493 2345 quam
1506 2280 1544 2324 ea
1555 2262 1719 2324 occasione

218 2347 360 2411 feceritis
382 2350 451 2411 sine
474 2349 631 2413 dilacione
653 2350 805 2414 relaxetis
826 2352 944 2413 eidem.
988 2348 1119 2413 Proviso
1141 2349 1226 2432 quod
1247 2348 1350 2411 iidem
1373 2347 1454 2433 fija.
1471 2347 1572 2433 iiijal.
1587 2348 1627 2410 de
1651 2346 1717 2411 illis

162 2505 165 2509 Α
218 2456 281 2518 que
304 2437 382 2498 inde
406 2437 446 2498 de
467 2437 539 2520 jure
567 2458 623 2519 per
649 2440 707 2501 hos
732 2457 832 2500 annos
854 2438 978 2501 onerari
1000 2435 1121 2500 debent
1142 2437 1182 2499 ad
1196 2456 1278 2519 opus
1291 2444 1439 2498 nostrum
1454 2434 1605 2497 levantur
1620 2440 1718 2518 prout

217 2523 327 2587 debet.
371 2523 469 2586 Teste
484 2525 522 2586 R.
538 2525 579 2587 de
594 2524 783 2608 Sadyngton
798 2525 885 2609 apud
904 2524 1225 2587 westmonasterium
1240 2523 1364 2587 decimo
1386 2521 1439 2585 die
1463 2521 1611 2585 Octobris
1632 2542 1717 2585 anno

218 2610 313 2695 regni
327 2612 432 2674 nostri
448 2612 565 2695 Anglie
580 2613 674 2697 xxj¹¹¹⁰
690 2612 783 2693 regni
799 2632 871 2674 vero
887 2613 988 2675 nostri
1004 2610 1139 2674 Francia
1154 2610 1290 2677 decimo.

260 2744 325 2808 Per
347 2745 476 2809 litteras
499 2748 539 2811 de
564 2749 692 2831 privato
717 2747 826 2833 sigillo
848 2749 934 2812 inter
959 2747 1148 2811 communia
1173 2747 1213 2810 de
1238 2767 1324 2810 anno
1339 2745 1420 2834 ιιιιῆο
1442 2726 1499 2833 per
1523 2743 1717 2813 Michaelem

219 2828 344 2918 Belagh
359 2839 393 2896 et
408 2854 465 2917 per
478 2832 622 2902 barones.

263 3008 441 3093 inquisicio
464 3013 558 3093 capta
581 3029 688 3073 coram
713 3010 855 3073 Henrico
870 3008 911 3073 de
925 3007 1079 3072 Elmham
1102 3014 1135 3071 et
1150 3007 1244 3071 sociis
1259 3009 1327 3072 suis
1340 3007 1394 3071 die
1410 3007 1568 3072 Mercurii
1584 3009 1718 3071 infesto

220 3092 332 3159 Sancti
348 3094 498 3179 Gregorii
513 3117 598 3159 anno
613 3098 705 3182 regni
719 3096 805 3181 regis
819 3096 969 3160 Eduardi
984 3097 1077 3158 tercii
1094 3101 1167 3180 post
1181 3099 1393 3179 conquestum
1411 3096 1561 3160 vicesimo
1576 3095 1717 3159 secundo

218 3183 305 3264 apud
319 3180 453 3245 Joxford
468 3184 641 3266 perbreve
666 3184 790 3248 domini
813 3185 900 3267 regis
923 3182 1000 3246 huic
1026 3182 1232 3265 inquisicioni
1256 3188 1428 3255 consutum
1454 3204 1512 3265 per
1536 3182 1716 3246 Martinum

220 3268 315 3347 Losa,
340 3268 499 3331 Thomam
529 3271 560 3332 le
591 3271 684 3348 P0er‚
710 3269 845 3334 Petrum
875 3268 991 3353 Cosyn,
1017 3269 1220 3332 Willelmnm
1249 3269 1448 3353 Margarete‚
1474 3270 1648 3333 Ricardum
1672 3270 1715 3333 de

218 3354 379 3432 Denhrm,
393 3355 579 3420 lohannem
595 3358 740 3439 Umfrey‚
751 3357 772 3419 J
773 3356 933 3420 ohannem
948 3355 978 3420 le
992 3355 1133 3431 Cobour,
1144 3356 1308 3423 Simonem
1323 3354 1471 3433 chemel,
1485 3356 1661 3420 Robertum
1675 3356 1717 3420 de

218 3443 346 3519 Home,
380 3442 562 3508 Jobannem
598 3443 816 3523 Huntesmsn,
853 3442 1037 3507 Johannem
1076 3444 1214 3527 Kempe,
1246 3442 1418 3506 Ricardum
1455 3443 1495 3506 de
1530 3442 1715 3531 Glembam⁸

214 3529 390 3614 juratores,
420 3532 477 3612 qui
506 3531 622 3595 dicunt
650 3552 746 3615 super
775 3538 1014 3595 sacramentum
1045 3551 1141 3593 snum
1171 3530 1256 3613 quod
1286 3528 1383 3593 abbas
1413 3529 1454 3593 de
1484 3530 1625 3613 Leyston
1656 3550 1716 3593 neo

219 3619 457 3701 predecessores
479 3619 529 3681 sui
554 3638 697 3701 unquam
722 3624 897 3683 tenuerunt
921 3618 956 3679 in
982 3618 1207 3683 Ksonnsrrana
1232 3620 1266 3679 et
1291 3616 1493 3683 Tnassarorv
1508 3617 1617 3701 aliqua
1631 3622 1715 3680 terra

222 3707 291 3783 (sic)
319 3726 377 3768 seu
403 3708 601 3783 tenements‚
623 3727 686 3789 que
712 3714 786 3769 sunt
813 3726 872 3770 nec
896 3706 1027 3767 fuerunt
1053 3704 1162 3788 aliquo
1184 3709 1331 3785 tempore
1357 3702 1498 3786 parcella
1523 3706 1659 3768 manerii
1674 3704 1714 3768 de

219 3791 410 3869 Pesenhale‚
425 3792 510 3875 quod
527 3794 688 3878 quondam
702 3795 768 3856 fnit
783 3792 932 3855 Nioholai
947 3793 989 3853 de
1004 3790 1167 3869 Falsham‚
1185 3796 1234 3853 set
1258 3790 1345 3853 idem
1370 3789 1467 3855 abbas
1492 3797 1584 3856 tenet
1607 3793 1717 3855 omnia

219 3885 411 3942 tenementa
440 3897 499 3940 sna
527 3881 561 3941 in
590 3879 674 3942 villis
701 3880 854 3963 predictis
883 3880 924 3941 de
951 3880 1176 3944 Knonssrrsns
1200 3882 1235 3941 et
1261 3878 1485 3944 Transeamus
1511 3880 1544 3941 in
1569 3878 1716 3956 liberam,

218 3986 345 4049 puram,
359 3971 395 4027 et
421 3974 611 4047 perpetuam
637 3966 843 4029 elemosinam
870 3973 1028 4047 tanquam
1054 3964 1227 4048 parcellam
1259 3965 1395 4027 manerii
1423 3967 1473 4028 sni
1503 3966 1543 4029 de
1572 3966 1717 4049 Leyeton

218 4060 255 4117 et
280 4053 326 4115 sic
348 4052 475 4131 dicunt,
498 4053 583 4134 quod
606 4054 808 4134 predecessor
831 4055 933 4135 ipsius
954 4052 1081 4115 abbatis
1105 4051 1214 4115 debite
1236 4057 1386 4115 oneratus
1409 4054 1519 4116 extitit
1545 4051 1587 4116 de
1612 4053 1717 4115 tribus

218 4140 331 4203 solidis
361 4144 394 4203 et
424 4147 563 4223 quatuor
590 4140 731 4203 denariis
759 4141 801 4203 ad
829 4141 989 4203 auritium
1020 4135 1215 4225 E[duardo]
1251 4138 1321 4221 regi
1350 4159 1410 4202 avo
1440 4140 1525 4224 regis
1561 4159 1648 4204 nuno
1675 4140 1716 4203 ad

218 4226 474 4311 primogenitam
499 4225 599 4288 filiam
623 4247 714 4289 suam
744 4227 976 4290 maritandam·
992 4246 1077 4289 anno
1105 4228 1198 4311 regni
1228 4226 1279 4289 sui
1308 4225 1403 4310 xviij⁰
1429 4246 1628 4301 concessum,
1651 4246 1716 4309 quo

218 4318 363 4397 tempore
393 4310 494 4375 nichil
523 4316 630 4375 tenuit
661 4320 816 4396 tanquam
846 4314 1019 4399 parcellam
1043 4314 1083 4375 de
1109 4314 1250 4376 manerio
1279 4312 1320 4374 de
1350 4313 1528 4377 Pesenhale
1559 4315 1714 4397 predicto.

219 4398 345 4476 Quesiti
368 4408 447 4463 sunt
471 4401 498 4462 si
522 4399 631 4482 aliqua
652 4400 796 4482 parcella
817 4401 952 4465 manerii
977 4399 1019 4462 de
1046 4398 1226 4463 Pesenhale
1252 4402 1296 4462 sit
1312 4400 1361 4462 vel
1387 4420 1532 4483 unquam
1558 4400 1715 4464 fueritin

217 4487 369 4570 predictis
380 4488 466 4550 villis
480 4486 519 4548 de
533 4488 759 4553 Krvonssuann
773 4496 808 4551 et
823 4488 1026 4553 Tnasnerorr
1039 4486 1089 4548 vel
1104 4487 1204 4571 aliqui
1220 4488 1276 4549 alii
1291 4488 1433 4570 aliquam
1449 4487 1619 4572 percellam
1634 4488 1716 4551 dicti

218 4575 357 4638 manerii
371 4575 412 4637 de
429 4572 605 4636 Pesenhale
620 4582 734 4637 tenent
749 4577 784 4637 in
800 4576 1024 4640 Knonnsnsnn
1040 4580 1075 4635 et
1092 4574 1304 4651 Tricastinos,
1316 4574 1430 4638 dicunt
1441 4576 1526 4659 quod
1537 4595 1612 4641 non.
1657 4576 1713 4637 Set

217 4661 331 4725 dicunt
346 4662 431 4745 quod
455 4660 552 4723 abbas
567 4660 606 4723 de
621 4659 763 4742 Sybetou
788 4671 822 4725 et
844 4670 995 4725 tenentes
1018 4662 1069 4722 sui
1091 4662 1228 4723 manerii
1254 4662 1304 4723 sui
1328 4661 1367 4723 de
1392 4660 1574 4725 Pesenhale
1601 4668 1715 4725 tenent

217 4749 426 4812 medietatem
440 4746 463 4811 l.
479 4768 525 4813 m.
540 4748 666 4832 integre
681 4750 715 4811 in
730 4750 931 4815 Pesnrvusns
947 4769 1009 4829 que
1036 4748 1199 4831 quondam
1221 4748 1284 4810 fuit
1308 4746 1457 4811 Nicholai
1473 4749 1513 4812 de
1528 4748 1711 4812 Falesham.

218 4836 260 4899 Et
289 4836 335 4897 sic
364 4836 479 4898 dicunt
507 4835 628 4917 precise
656 4837 742 4917 quod
771 4836 870 4899 abbas
895 4838 937 4899 de
962 4834 1106 4917 Sybeton
1132 4842 1166 4898 et
1193 4841 1339 4897 tenentes
1363 4836 1413 4899 sui
1438 4837 1573 4898 manerii
1598 4836 1713 4898 auide

217 4921 405 4999 Pesenbale‚
436 4929 472 4985 ut
503 4942 609 5004 supra,
636 4921 758 4985 debent
786 4924 911 4985 onerari
936 4922 977 4984 de
1002 4922 1109 4984 tribus
1134 4922 1243 4984 solidis
1265 4927 1299 4984 et
1324 4928 1462 5006 quatuor
1484 4921 1623 4985 denariis
1649 4941 1712 5007 que

216 5009 415 5073 demandant
428 5028 536 5071 versus
550 5008 701 5072 abbatem
716 5010 757 5071 de
773 5011 913 5092 Leyston
928 5009 970 5070 ad
984 5008 1180 5071 racionabile
1195 5009 1355 5071 auxilium
1377 5010 1508 5072 domino
1529 5011 1600 5091 regi
1626 5028 1713 5071 nuno

216 5097 256 5159 ad
278 5096 536 5179 primogenitum
558 5094 664 5157 lilium
685 5116 781 5159 suum
803 5097 945 5159 militem
968 5095 1153 5158 iaciendum
1169 5114 1253 5157 anno
1268 5097 1359 5178 regni
1376 5098 1425 5159 sui
1441 5096 1592 5158 vicesimo
1608 5096 1711 5178 primo

214 5204 400 5247 conoessum
423 5188 457 5245 et
481 5202 545 5245 non
569 5182 676 5245 dictus
696 5183 795 5247 abbas
816 5183 857 5247 de
879 5184 1021 5265 Leyston
1041 5182 1121 5245 linet
1142 5181 1379 5265 predecessores
1400 5183 1503 5266 ipsius
1526 5182 1655 5245 abbatis
1669 5181 1710 5245 ds

214 5270 356 5355 Leyston
372 5270 461 5355 prius
474 5268 631 5345 indebite,
645 5276 684 5333 ut
697 5273 911 5354 premittitur,
925 5269 1000 5333 inde
1014 5269 1126 5332 extitit
1141 5274 1299 5332 oneratus.
1347 5268 1387 5332 ln
1401 5268 1494 5356 cujus
1508 5270 1556 5332 rei
1570 5274 1633 5339 etc.
