4092 6117
938 559 1020 633 Ab.
1045 565 1140 634 1402.

737 859 888 936 (Estrcct
893 861 984 944 from
998 859 1168 925 collectors’
1184 864 1338 936 account.)

333 983 402 1049 Nec
427 991 624 1073 respondent
650 992 692 1056 de
717 994 845 1080 integre
867 995 1000 1060 baronia
1027 995 1307 1074 Westmerlondie,
1334 1015 1431 1078 quam
1454 993 1619 1060 Johannes
1645 995 1788 1078 Olifford,

288 1070 375 1136 tilius
400 1077 552 1142 etheree
577 1077 700 1144 Thome
725 1083 766 1145 de
792 1081 946 1167 clyfford,
968 1105 1073 1168 nuper
1101 1083 1226 1147 domini
1256 1083 1296 1146 de
1326 1081 1608 1161 Westmerlondia,
1631 1085 1788 1164 defuncti,

287 1163 403 1225 tenens
418 1167 577 1228 terrarum
593 1173 627 1230 et
640 1173 904 1234 tenementorum
918 1191 982 1255 que
997 1170 1130 1236 fuerunt
1145 1169 1292 1257 ejusdem
1308 1170 1431 1233 domini
1447 1171 1530 1234 infra
1545 1176 1669 1236 etatem
1693 1177 1730 1236 et
1753 1173 1787 1234 in

289 1248 436 1312 custodia
451 1250 577 1316 domini
592 1256 679 1340 regis
692 1257 846 1336 existens,
860 1265 955 1322 tenet
980 1279 1036 1342 per
1059 1258 1229 1321 servicium
1256 1256 1293 1343 ij.
1310 1257 1333 1322 i.
1351 1265 1386 1320 et
1399 1259 1588 1322 medietatis
1612 1259 1636 1344 j.
1652 1259 1676 1324 f.
1693 1280 1737 1324 m.
1754 1265 1788 1322 et

288 1353 384 1415 quam
400 1336 601 1420 Elisabetha,
617 1341 752 1407 domina
774 1345 813 1406 de
839 1343 992 1429 Clytford,
1017 1344 1116 1410 habet
1136 1366 1174 1408 ex
1189 1346 1394 1408 concessione
1410 1345 1536 1408 domini
1551 1347 1635 1429 regis
1649 1345 1789 1408 durante

288 1421 412 1486 minore
442 1429 534 1488 etate
561 1425 692 1492 heredis
728 1432 878 1513 predicti,
908 1437 943 1495 et
971 1434 1064 1519 cujus
1092 1432 1225 1515 quidem
1246 1431 1384 1513 integre
1412 1431 1541 1494 baronie
1571 1431 1716 1580 Rppems
1746 1433 1786 1495 de

290 1506 433 1581 Clitiord.
461 1518 644 1578 antecessor
673 1515 794 1602 Rogeri
824 1519 863 1582 de
894 1518 1039 1598 Clifford,
1062 1539 1165 1602 nuper
1194 1519 1403 1582 antecessoris
1432 1519 1569 1601 predicti
1649 1539 1721 1582 orne
1748 1521 1787 1582 de

287 1593 505 1683 Clyfford,qui
519 1601 613 1664 duxit
629 1604 664 1664 in
679 1625 812 1668 uxorem
827 1625 925 1670 unam
940 1606 1083 1668 filiarum
1099 1606 1248 1690 Hugonis
1259 1606 1300 1669 de
1312 1605 1426 1669 Veteri
1442 1604 1545 1669 Ponte
1561 1627 1659 1668 unam
1675 1607 1786 1668 tenuit

287 1683 498 1750 medietatem
522 1693 557 1750 et
582 1689 728 1774 cherus
751 1693 791 1756 de
817 1693 981 1777 Lnyburn,
1007 1695 1064 1776 qui
1087 1694 1183 1756 duxit
1206 1695 1240 1754 in
1266 1713 1397 1756 uxorem
1423 1691 1558 1756 alteram
1585 1693 1686 1755 tiliam
1702 1693 1785 1756 dicti

286 1768 436 1854 lingonis
460 1772 598 1838 alteram
623 1778 836 1843 medietatem
862 1782 989 1865 integre
1004 1780 1134 1844 baronie
1160 1779 1301 1862 predicte
1317 1779 1470 1842 similiter
1485 1779 1646 1862 quondam
1662 1781 1783 1858 tenuit,

286 1859 413 1922 racione
429 1860 564 1924 minoris
579 1865 677 1926 etatis
692 1867 830 1949 predicti
844 1867 967 1931 Thomc
983 1866 1114 1930 Glifford
1130 1868 1167 1929 in
1182 1867 1329 1930 custodie
1343 1867 1429 1950 regis
1445 1866 1490 1928 sic
1504 1868 1684 1945 existentis,
1700 1866 1784 1930 sicut

286 1947 472 2009 continetur
495 1947 528 2010 in
554 1951 694 2032 quadam
721 1955 936 2039 inquisicione
960 1974 1068 2018 coram
1094 1955 1193 2018 dictis
1217 1953 1441 2018 collectoribus
1455 1959 1551 2037 cepta
1566 1961 1600 2017 et
1615 1974 1714 2037 penes
1729 1953 1785 2016 has

283 2031 455 2112 particulas
470 2045 669 2103 remanente.

327 2169 396 2234 Nec
420 2175 619 2256 respondent
644 2175 685 2240 de
708 2198 774 2241 uno
798 2179 966 2262 mesuagio
990 2183 1105 2243 vocato
1133 2181 1393 2248 Sreusnoauons
1419 2198 1493 2242 cum
1521 2178 1731 2261 pertinenciis
1747 2179 1781 2241 in

286 2259 426 2322 manerio
451 2260 491 2323 de
515 2261 660 2341 Βιιιιοιι,
677 2265 762 2349 qnod
785 2264 926 2330 Thomas
949 2267 990 2330 de
1017 2267 1130 2345 Decre,
1157 2266 1244 2329 filius
1264 2264 1400 2330 etheree
1417 2265 1586 2343 Willelmi,
1602 2266 1725 2330 domini
1741 2266 1782 2328 de

284 2342 393 2421 Decre,
415 2345 577 2425 defuncti,
592 2357 708 2415 tenens
732 2359 893 2416 terrarum
918 2361 952 2418 et
977 2360 1253 2430 tenementorum,
1276 2372 1339 2436 que
1362 2352 1493 2417 fuenrnt
1516 2352 1598 2415 dicti
1625 2353 1781 2416 Willelmi

283 2435 368 2494 tenet
386 2432 426 2495 de
440 2435 572 2498 domino
587 2457 663 2522 rege
678 2440 731 2502 i.c.
748 2459 805 2523 per
820 2441 994 2504 servicium
1009 2451 1089 2506 rrsr¹ne
1105 2442 1207 2525 partis
1221 2441 1245 2526 j.
1262 2443 1285 2504 f.
1303 2461 1348 2506 m.
1366 2459 1404 2501 eo
1420 2440 1504 2524 quod
1519 2439 1627 2503 dictus
1642 2439 1781 2503 Thomas

281 2524 330 2580 est
354 2519 440 2582 infra
466 2527 588 2586 etatem
612 2532 646 2588 et-
669 2527 704 2588 in
720 2526 868 2589 custodia
881 2529 979 2614 regis,
994 2536 1030 2590 et
1043 2527 1170 2590 dictum
1185 2527 1389 2612 mesuagium
1404 2546 1478 2589 cnm
1496 2527 1710 2608 pertinenciis
1724 2546 1781 2610 per

283 2605 463 2686 predictum
479 2608 649 2675 dominum
669 2633 779 2697 regem
799 2614 988 2678 conceditur
1011 2614 1195 2698 Radnlpho,
1210 2615 1326 2678 comiti
1343 2611 1624 2693 Westmerlandie,
1641 2614 1777 2677 durante

281 2691 404 2756 minore
418 2700 507 2759 etate
522 2699 662 2779 predicti
675 2699 809 2779 Thome,
826 2703 911 2765 sicut
927 2703 1115 2766 continetur
1130 2704 1166 2766 in
1182 2703 1398 2786 inquisicione
1413 2701 1571 2784 predicta.

324 2829 372 2894 De
397 2830 507 2914 aliquo
532 2832 653 2896 auxilio
676 2837 885 2918 perveniente
908 2836 948 2899 de
975 2837 1120 2920 pluribus
1141 2840 1163 2900 f.
1179 2859 1225 2902 m.
1242 2843 1301 2899 aut
1316 2837 1355 2899 de
1370 2837 1477 2913 terris,
1491 2839 1704 2915 tenementis,
1720 2860 1777 2903 seu

280 2917 466 2981 redditibus
489 2920 590 2982 tentis
615 2919 656 2984 de
679 2921 812 2984 domino
837 2943 912 3007 rege
935 2925 969 2986 in
985 2926 1114 3006 socegio
1131 2926 1198 2988 sine
1213 2923 1321 2986 medio
1336 2943 1401 2986 non
1417 2924 1624 3006 respondent,
1639 2945 1677 2988 eo
1692 2928 1778 3010 quod

281 3004 373 3088 plura
386 3003 482 3070 feoda
496 3012 589 3070 tenta
603 3007 643 3070 de
657 3028 733 3092 rege
749 3010 818 3072 sine
834 3010 942 3073 medio
956 3017 1015 3074 sut
1029 3013 1140 3097 alique
1155 3021 1255 3075 terras
1271 3031 1325 3074 seu
1350 3010 1497 3073 redditus
1522 3016 1615 3075 tenta
1640 3011 1680 3075 de
1703 3035 1777 3099 rege

279 3093 312 3154 in
342 3094 469 3177 socagio
499 3095 567 3156 sine
596 3095 703 3158 medio
732 3097 766 3159 in
796 3098 956 3162 comitatu
986 3099 1136 3182 predicto
1172 3096 1268 3186 [non]
1305 3099 1498 3161 invenerunt
1529 3117 1587 3162 nec
1615 3099 1777 3165 invenisse

280 3185 458 3263 potuerunt
480 3184 577 3265 prout
601 3180 712 3266 aliquo
736 3183 832 3248 modo
857 3205 913 3268 per
940 3185 1188 3268 inquisicionem
1214 3187 1377 3268 inquirere
1399 3189 1588 3268 potuerunt,
1602 3191 1639 3249 ut
1661 3186 1777 3252 dicunt

277 3286 371 3350 super
384 3273 623 3332 sacramentum
640 3289 747 3336 suurn.

853 3393 1202 3408 *n———u—nn

895 3495 989 3566 AD.
1034 3491 1156 3567 1429.

320 3623 500 3708 Inquisicic
513 3632 609 3708 capta
620 3626 709 3710 apud
726 3627 870 3710 Appelby
887 3629 951 3714 xxj.
967 3630 1021 3692 die
1037 3629 1186 3694 Octobris
1210 3649 1295 3693 anno
1322 3627 1413 3711 regni
1440 3626 1524 3710 regis
1540 3623 1675 3688 Henrici
1690 3625 1775 3691 serti

277 3717 402 3789 octavo,
427 3732 534 3775 coram
561 3711 710 3777 Gilberto
737 3714 882 3789 Quarton
907 3716 948 3778 de
975 3715 1122 3800 Kirkeby
1147 3717 1253 3782 Thure
1279 3721 1313 3779 et
1338 3715 1434 3778 sociis
1458 3715 1525 3778 suis
1549 3712 1775 3778 collectoribus

276 3799 447 3884 cniusdam
473 3798 610 3862 subsidii
627 3799 703 3886 vj.s.
720 3800 829 3887 viijat.
845 3802 885 3865 dc
911 3803 1170 3887 quibuscumque
1196 3804 1339 3888 personis
1355 3821 1412 3864 seu
1426 3819 1562 3884 persone
1577 3801 1699 3864 seisitis
1714 3821 1773 3865 seu

277 3886 391 3950 scisita
415 3883 456 3949 de
482 3887 577 3949 terris
601 3895 635 3950 et
661 3889 861 3953 tenementis
883 3889 918 3951 in
942 3891 1106 3955 dominico
1133 3911 1201 3969 suo,
1217 3895 1256 3955 ut
1278 3893 1318 3954 de
1344 3887 1445 3954 libero
1471 3891 1673 3964 tenemento,
1687 3889 1773 3951 infra

276 3973 469 4036 comitatum
484 3972 765 4054 Westmerlandie,
780 3997 842 4058 que
857 3982 959 4040 terras
974 3985 1008 4041 et
1034 3983 1223 4042 tenementa
1236 3977 1352 4042 eadem
1378 3993 1513 4060 persons
1540 3976 1773 4056 possessiouata

275 4081 330 4124 seu
346 4080 481 4143 persone
497 4061 732 4143 possessionate
746 4069 841 4126 tenet
855 4083 912 4126 seu
927 4069 1040 4128 tenent
1055 4065 1236 4130 inmediate
1252 4085 1308 4148 per
1323 4066 1489 4147 integrum
1505 4061 1637 4126 feodum
1652 4063 1770 4126 militis

275 4167 333 4211 seu
343 4145 441 4231 juxta
454 4158 559 4211 ratam
570 4167 673 4230 usque
687 4148 728 4212 ad
740 4155 889 4232 quartam
904 4158 1031 4234 partem
1043 4154 1065 4216 f.
1076 4175 1120 4219 m.
1130 4153 1264 4217 inclusis
1276 4150 1528 4235 possessionibus
1539 4149 1773 4232 temporalibus

275 4233 486 4298 decimalibus
493 4235 729 4320 quibuscunqe
739 4256 776 4298 ac
790 4239 1023 4319 possessoribus
1039 4261 1148 4304 eorum
1166 4260 1223 4324 pro
1237 4239 1360 4304 eisdem
1377 4235 1616 4320 possessonibus
1630 4236 1773 4320 exceptis

275 4321 408 4386 domino
432 4323 503 4405 regi
526 4324 560 4384 in
586 4322 802 4405 parliamento
825 4345 883 4388 suo
909 4326 995 4410 apud
1010 4326 1337 4392 westmonasterium
1351 4326 1386 4388 in
1402 4345 1454 4388 xv.
1472 4322 1584 4387 Sancti
1599 4321 1771 4386 Michaelis

274 4428 359 4472 anno
373 4410 465 4492 regni
479 4409 625 4494 ejusdem
640 4410 765 4474 domini
781 4412 866 4494 regis
880 4420 973 4476 sexto
988 4421 1080 4478 tento
1106 4435 1161 4498 per
1184 4414 1436 4478 communitates
1462 4411 1556 4492 regni
1584 4429 1639 4472 sue
1656 4409 1771 4494 Anglie

273 4496 413 4560 concessi
428 4495 556 4558 levandi
571 4497 748 4580 colligendi
763 4499 935 4583 assignatis
947 4501 1066 4564 virtute
1082 4501 1267 4565 litterarum
1281 4499 1470 4585 patencium
1485 4496 1631 4583 ejusdem
1648 4497 1771 4560 domini

273 4584 357 4666 regis
371 4582 494 4646 eisdem
508 4583 736 4647 collectoribus
763 4585 839 4647 inde
862 4586 1061 4650 directarum
1086 4595 1118 4651 et
1145 4588 1221 4652 huic
1245 4587 1454 4670 inquisicioni
1480 4589 1689 4647 consutsrnm
1715 4605 1771 4666 per

276 4677 512 4733 sacramentnm
537 4669 696 4734 Johannis
720 4671 762 4734 de
789 4672 977 4751 Leucastre,
999 4673 1153 4754 chivaler,
1182 4675 1324 4754 Henrici¹
1340 4674 1381 4738 de
1403 4669 1590 4746 Threllreld‚
1614 4668 1770 4749 chivaler,

273 4757 407 4820 Henrici
437 4755 477 4819 de
511 4757 676 4835 Whartcn,
705 4756 864 4823 Johannis
893 4759 934 4823 de
964 4760 1099 4840 Berton,
1123 4760 1282 4826 Johannis
1310 4761 1351 4824 de
1375 4757 1529 4842 Olyburn,
1556 4757 1705 4840 Hugonis
1729 4758 1769 4819 de

274 4843 420 4927 Salkyld,
436 4844 587 4931 junioris,
602 4843 736 4908 Roberti
760 4846 801 4909 de
828 4847 999 4926 Sandford,
1014 4848 1138 4912 Thorne
1159 4849 1201 4914 de
1224 4848 1375 4925 Meburn,
1392 4844 1549 4909 Willelmi
1566 4844 1605 4906 de
1621 4843 1768 4926 Bradley,

274 4929 430 4996 Johannis
457 4930 496 4994 de
525 4930 706 5015 Ravensby,
731 4931 854 4998 Thome
884 4933 987 5015 Belle,
1011 4941 1046 4999 et
1067 4936 1225 5000 Johannis
1250 4935 1424 5012 Atkinson,
1450 4933 1507 5018 qui
1532 4930 1646 4994 dicunt
1678 4951 1773 5015 super

271 5022 511 5084 sacamentum
524 5039 618 5083 suum
634 5019 720 5103 quod
731 5045 783 5085 2-

314 5179 452 5244 'l'homas
463 5180 506 5244 de
521 5179 675 5265 clyfford,
690 5181 777 5246 filius
792 5187 826 5247 et
840 5181 931 5248 heres
944 5183 1070 5248 domini
1084 5185 1254 5264 Johannis,
1278 5204 1382 5267 nuper
1405 5181 1529 5246 domini
1554 5179 1593 5243 de
1617 5177 1771 5263 clyfford,

271 5273 306 5330 et
320 5268 358 5331 de
372 5267 623 5346 Westmerland,
638 5269 768 5348 militis,
783 5270 943 5348 defuncti,
957 5277 1051 5334 tenet
1074 5271 1114 5334 de
1141 5272 1230 5336 dicto
1245 5272 1379 5334 domino
1394 5289 1468 5354 rege
1483 5266 1660 5332 inmediate
1676 5272 1711 5329 ut
1728 5265 1770 5330 de

269 5373 383 5420 corona
413 5375 470 5418 sua
499 5361 605 5420 castra
634 5364 669 5420 et
706 5358 852 5420 maneria
888 5359 929 5422 de
961 5361 1123 5438 Arentes,
1156 5361 1276 5425 Busan
1307 5357 1422 5421 subtus
1454 5356 1702 5432 Srsvvnsuocn,
1734 5361 1769 5419 et
