4092 6117
355 646 418 713 148
1014 644 1199 716 SUSSEX.

355 960 412 1024 per
437 942 636 1002 sacramenta
663 938 820 1006 Johannis
844 939 976 1016 Dosae,
998 938 1120 1002 Thome
1143 938 1348 1023 Hendyman,
1365 938 1491 1003 Andree
1515 934 1721 1023 Heghelond,
1736 934 1857 1000 Thome

357 1027 563 1104 Waunemer‚
587 1025 744 1123 Johannis
767 1026 965 1104 Chaoniam,
990 1026 1149 1091 Johannis
1174 1026 1380 1110 Hendyman‚
1407 1025 1565 1090 Johannis
1590 1025 1684 1111 Bmy,
1699 1022 1855 1087 Willelmi

357 1115 485 1197 Fryter,
499 1111 621 1177 Thome
637 1114 792 1198 Petyson‚
807 1114 965 1177 Willelmi
979 1114 1100 1198 Pritty,
1112 1114 1249 1179 Henrioi
1261 1114 1385 1197 Maeey‚
1402 1119 1435 1177 et
1449 1115 1471 1179 J
1472 1112 1607 1177 ohannis
1623 1110 1782 1192 Thonder,
1799 1111 1854 1193 qui

358 1222 432 1264 vere
446 1202 544 1287 jurati
559 1202 675 1264 dicunt
689 1222 786 1286 super
800 1208 1000 1265 sacramenta
1015 1221 1073 1265 sua
1087 1202 1171 1288 quod
1184 1222 1237 1264 :—

401 1377 450 1439 De
475 1396 540 1438 uno
565 1376 588 1440 f.
605 1376 768 1460 quondam
792 1376 923 1438 Ricardi
949 1375 1050 1439 Stone
1076 1380 1110 1439 ει
1135 1377 1272 1439 aliorum
1297 1379 1329 1439 in
1356 1376 1536 1444 cenaeos
1552 1374 1735 1443 Willelmua
1761 1372 1853 1437 Helle

357 1469 449 1527 tenet
463 1465 564 1550 ffijam
580 1468 708 1547 partem
724 1484 782 1546 per
796 1484 830 1526 ae
844 1470 878 1525 et
898 1463 961 1526 alie
985 1464 1110 1526 diverse
1137 1484 1270 1547 persone
1296 1469 1411 1527 tenent
1435 1472 1501 1527 tres
1529 1470 1635 1546 partes
1658 1462 1805 1547 ejusdem
1832 1462 1853 1525 f.

356 1554 453 1725 {Egeta
465 1552 708 1721 {daffiritim’
721 1554 770 1614 ita
791 1550 878 1635 quod
901 1557 1037 1615 nonest
1062 1552 1171 1636 aliqua
1197 1572 1331 1636 perenna
1355 1572 1412 1613 seu
1437 1555 1552 1614 tenens
1577 1550 1634 1634 qui
1660 1554 1752 1612 tenet
1778 1548 1854 1611 inde

401 1777 541 1840 Persona
563 1777 605 1839 de
628 1775 804 1858 Jevynton,
830 1774 991 1839 Robertus
1013 1774 1090 1858 Jop,
1115 1775 1231 1839 Petrus
1258 1774 1369 1859 Gorya,
1396 1774 1528 1839 heredes
1555 1774 1622 1837 Ade
1651 1762 1721 1837 site
1747 1772 1856 1848 Felde,

357 1862 498 1927 Thomas
508 1861 738 1947 Oessyngham‚
748 1862 881 1926 heredes
893 1862 913 1925 J
915 1859 1052 1926 ohannis
1064 1863 1233 1942 flammeo,
1243 1866 1277 1925 et
1290 1868 1439 1927 tenentes
1450 1868 1608 1925 terrarum
1621 1861 1661 1924 de
1676 1859 1857 1945 Holyndale

357 1960 391 2015 et
421 1952 478 2013 alii
502 1954 620 2015 tenent
643 1952 729 2013 inter
755 1970 789 2011 se
816 1951 989 2032 separatim
1019 1951 1045 2037 j.
1071 1948 1095 2015 f.
1120 1952 1154 2013 in
1181 1950 1361 2029 inversos,
1387 1951 1612 2029 Wrnnrnoors,
1635 1949 1802 2014 Haonroa
1818 1948 1855 2010 de

357 2040 504 2102 manerio
529 2040 570 2101 de
596 2037 772 2120 Jevyntoa
799 2043 835 2099 et
859 2038 973 2100 dieunt
997 2037 1082 2121 quod
1109 2058 1172 2101 non
1199 2043 1250 2101 εει
1272 2038 1391 2123 aliquis
1417 2057 1527 2101 eorum
1553 2038 1609 2121 qui
1639 2041 1728 2100 tenet
1755 2035 1854 2120 ffija„

356 2132 486 2209 partem
499 2147 557 2210 per
572 2145 615 2190 se.
1245 2136 1247 2141 ’

401 2263 542 2326 Heredes
571 2260 708 2324 Walteri
744 2259 821 2337 Bet,
848 2260 934 2344 prior
970 2260 1011 2323 de
1049 2260 1260 2339 Miehelham,
1290 2260 1454 2325 Johannes
1484 2259 1525 2323 de
1555 2260 1660 2339 Wem,
1690 2257 1853 2324 Johannes

357 2350 586 2435 Michelgrove‚
600 2348 733 2411 heredes
748 2348 817 2410 Ade
830 2354 899 2411 atie
913 2347 1026 2426 Felde,
1043 2347 1175 2411 heredes
1190 2348 1259 2411 Ade
1275 2352 1346 2411 aite
1360 2348 1491 2427 Boane,
1501 2346 1665 2411 Johannes
1680 2349 1852 2427 Notebem,

357 2439 474 2514 senior,
510 2435 672 2501 Johannes
709 2434 880 2514 Notebem,
918 2436 1038 2521 junior,
1076 2434 1116 2498 de
1154 2434 1285 2518 Sydon,
1321 2434 1453 2498 Juliana
1482 2435 1666 2517 Carpenter,
1696 2436 1850 2498 Ricardus

359 2528 546 2606 (amenter,
560 2530 595 2587 et
608 2522 742 2605 alii,qui
757 2522 866 2604 plnres
877 2526 992 2585 tenent
1006 2522 1139 2585 interae
1152 2526 1328 2605 separatim
1339 2522 1376 2608 ij.
1386 2522 1409 2585 f.
1421 2524 1455 2584 in
1465 2522 1613 2601 Bouron,
1626 2523 1757 2588 chron
1770 2526 1822 2601 (aie

357 2619 391 2677 et
419 2612 596 2678 Srnsaona
622 2610 661 2672 de
687 2610 831 2672 manerio
855 2610 1012 2693 predicto,
1027 2613 1074 2672 ita
1101 2610 1188 2696 quod
1214 2630 1279 2673 non
1302 2616 1352 2673 est
1375 2610 1493 2696 aliquis
1517 2610 1573 2693 qui
1597 2611 1729 2673 aeisitus
1754 2618 1803 2673 εει
1818 2611 1850 2672 in

357 2698 433 2787 iiij‘·
453 2705 544 2783 parte
558 2698 581 2763 f.
597 2718 655 2780 per
669 2716 714 2761 se.

283 2876 290 2887 ι
401 2837 547 2901 Heredes
583 2832 742 2898 Johannis
778 2832 913 2911 Pakere,
941 2833 1077 2896 heredes
1113 2831 1245 2897 Roberti
1276 2834 1524 2918 Lodgareehale‚
1552 2832 1710 2897 Ricardus
1744 2832 1854 2917 Grypo,

358 2924 524 2988 Johannea
539 2920 737 3004 Crowlynke,
754 2925 785 2983 et
802 2920 860 2983 alii
875 2926 990 2983 ienenh
1003 2920 1049 2985 di.
1067 2920 1090 2985 s.
1106 2922 1142 2997 in
1158 2922 1364 2988 Gaownrnrra
1379 2920 1420 2983 de
1434 2920 1524 2984 dieto
1539 2921 1694 2999 manerio,
1717 2920 1853 3006 quilibet

357 3032 469 3076 eorum
482 3031 541 3095 per
555 3031 600 3088 se,
614 3013 653 3071 ιιι
666 3010 707 3073 de
723 3007 823 3071 libero
839 3007 931 3071 feodo
945 3027 1013 3073 auo.
1060 3008 1101 3071 Et
1118 3027 1181 3071 non
1198 3013 1249 3072 est
1265 3008 1383 3092 aliquis
1396 3012 1510 3072 tenens
1525 3007 1600 3071 inde
1615 3013 1678 3073 eto.

402 3147 449 3210 De
470 3148 494 3233 1'.
510 3148 533 3212 f.
548 3145 710 3229 qnondam
726 3143 859 3206 Roberti
874 3143 1024 3227 Passelye
1050 3144 1164 3207 dieunt
1183 3145 1265 3207 dieti
1286 3144 1446 3230 juratores
1460 3146 1548 3228 quod
1563 3146 1694 3209 heredes
1709 3146 1853 3231 ejusdem

358 3235 491 3297 Roberti
501 3236 616 3296 tenent
630 3232 674 3296 di.
685 3233 707 3295 f.
717 3236 752 3293 et
765 3237 917 3293 tenentes
931 3233 983 3294 sui
997 3236 1112 3295 tenent
1127 3232 1264 3295 alterum
1275 3232 1319 3296 di.
1331 3232 1354 3296 i.
1365 3232 1452 3295 inter
1464 3252 1498 3295 se
1514 3233 1697 3316 separatim,
1707 3234 1756 3295 ita
1771 3234 1853 3317 qnod

291 3368 298 3379 .
358 3327 487 3386 nonest
501 3321 619 3403 aliquis
634 3339 746 3382 eorum
762 3319 818 3403 qui
834 3322 925 3381 tenet
939 3318 1038 3405 iiij‘'un
1054 3324 1183 3402 partem
1197 3339 1255 3403 per
1270 3338 1313 3385 se.

402 3461 510 3523 Abbas
531 3460 573 3523 de
598 3459 702 3520 Ponte
727 3456 860 3520 Roberti
883 3461 918 3519 et
941 3456 1075 3521 heredes
1100 3458 1258 3521 Willelmi
1286 3456 1466 3523 Cohbeiord
1492 3458 1606 3521 etalii
1632 3462 1747 3521 tenent
1771 3458 1852 3545 vjmn

357 3555 485 3631 partem
511 3552 546 3611 et
560 3545 631 3630 viij.
646 3550 773 3628 partem
798 3544 823 3629 j.
841 3543 864 3609 f.
879 3548 1056 3627 separatim
1079 3546 1114 3607 in
1140 3546 1336 3613 Gonanrosn
1362 3550 1397 3608 et
1421 3544 1540 3611 Danaa
1561 3551 1596 3608 et
1622 3547 1800 3608 manerium
1814 3545 1853 3609 ds

358 3638 478 3702 Danas
492 3640 624 3697 taxatur
637 3632 677 3694 ad
694 3632 865 3695 decimam.

401 3773 539 3836 Thomas
554 3769 711 3852 Sakevyle
726 3771 759 3831 et
775 3774 928 3832 tenentes
953 3771 1003 3833 sui
1028 3774 1143 3834 tenent
1157 3769 1194 3856 ij.
1211 3770 1234 3836 f.
1250 3774 1286 3833 ει
1300 3770 1346 3834 di.
1362 3771 1397 3832 in
1413 3769 1643 3849 cammaron,
1660 3771 1852 3849 Booannar,

356 3868 390 3923 et
414 3862 603 3937 Bonnense,
631 3877 694 3941 que
717 3856 879 3939 quondam
895 3857 1039 3919 Andreae
1063 3855 1223 3939 Sakevyle
1246 3878 1321 3919 oum
1348 3857 1536 3920 tenentibus
1551 3860 1617 3921 suis
1634 3857 1754 3937 tenuit,
1771 3859 1854 3921 unde

357 3949 446 4010 idem
461 3945 602 4009 Thomas
617 3945 748 4006 saisitus
763 3946 797 4005 et
812 3946 1066 4025 possessionatus
1081 3948 1132 4007 εει
1147 3943 1188 4008 de
1202 3944 1227 4030 j.
1244 3943 1268 4009 f.

357 4083 561 4235 aliTenenttes
586 4082 668 4145 dicti
693 4077 819 4143 Thome
845 4085 959 4145 tenent
985 4083 1073 4146 inter
1099 4102 1133 4145 se
1159 4082 1337 4164 separatim
1358 4079 1386 4165 j.
1402 4082 1425 4147 f.
1441 4087 1476 4145 et
1501 4081 1547 4148 di.
1563 4084 1611 4146 ita
1627 4085 1713 4169 quod
1728 4090 1854 4148 nonest

403 4190 504 4253 quise
522 4190 550 4234 o.

403 4294 549 4359 Heredes
562 4293 722 4359 Johannis
736 4295 873 4379 Horaye,
886 4294 1046 4359 Johannis
1061 4294 1229 4378 Lamport,
1243 4293 1402 4359 Johannis
1428 4293 1548 4359 Downe
1574 4305 1609 4360 ει
1633 4299 1689 4360 alii
1706 4306 1853 4364 tenentes

357 4385 398 4446 de
425 4384 577 4467 lampori
602 4389 717 4447 tenent
743 4384 890 4446 interae
914 4384 1087 4467 separatim
1112 4384 1251 4447 terciam
1275 4387 1401 4466 partem
1428 4383 1451 4447 f.
1478 4384 1513 4446 in
1543 4383 1661 4451 Busan
1691 4390 1852 4472 quondam

358 4469 518 4534 Johannis
535 4472 659 4554 Horsye
675 4475 710 4533 et
724 4471 873 4535 aliorum.

384 4594 452 4656 -De
474 4594 501 4676 j.
517 4594 539 4659 f.
555 4595 589 4656 in
617 4594 815 4661 Snearnroa
843 4592 928 4680 quod
946 4594 1090 4657 Andreas
1116 4594 1262 4658 Peverell
1286 4594 1450 4677 quondam
1472 4595 1595 4672 tenuit,
1620 4600 1655 4659 ει
1679 4598 1720 4662 de
1738 4599 1766 4683 j.
1782 4600 1804 4667 f.
1820 4602 1853 4665 in

360 4682 569 4758 Gaassnaae,
585 4681 844 4760 Caeninenses,
860 4690 895 4744 et
919 4682 1188 4748 Faooonnrrana
1213 4682 1329 4744 meunt
1354 4681 1441 4764 quod
1466 4684 1619 4767 ignorant
1642 4688 1717 4769 quis
1733 4688 1781 4751 vel
1797 4691 1853 4774 qui

358 4778 452 4830 tenet
467 4788 526 4830 seu
539 4774 653 4830 tenent
668 4769 781 4831 eadem
797 4767 820 4833 f.
838 4768 888 4830 vel
904 4769 1046 4852 aliquam
1063 4778 1190 4853 partem
1206 4768 1394 4834 eorundem.

402 4904 567 4968 Johannes
589 4903 686 4966 Brom
709 4925 746 4967 ao
768 4903 858 4967 heres
883 4904 922 4967 de
949 4905 1129 4985 Horteseld,
1153 4907 1239 4989 prior
1262 4905 1303 4968 de
1326 4903 1539 4986 Miohelham,
1564 4906 1697 4973 heredes
1723 4908 1853 4976 Roberii

358 4992 537 5065 Peltebem‚
573 4993 664 5054 heres
700 4990 849 5054 Johanne
874 4991 1113 5077 Dalyngregge
1152 5004 1185 5056 et
1222 4999 1374 5056 tenentes
1411 4994 1473 5073 sui,
1512 4993 1665 5058 videlieet
1714 4997 1852 5062 Thomas

357 5079 565 5163 Jarghevyle,
600 5077 734 5142 heredes
763 5079 915 5142 Maurioii
944 5081 985 5143 de
1013 5078 1193 5167 Hothlegh,
1222 5082 1308 5163 prior
1336 5080 1376 5143 de
1405 5080 1581 5165 Tanregge,
1606 5080 1697 5147 heres
1727 5087 1851 5149 Andree

358 5167 524 5249 Sakevyle,
552 5166 714 5229 Henrious
736 5166 777 5230 de
804 5166 979 5250 Vixregge,
1005 5165 1140 5231 heredes
1164 5172 1426 5232 henementorum
1451 5168 1615 5251 quondam
1646 5170 1851 5257 Charteneya

356 5251 495 5315 Thomas
521 5253 718 5332 Hasilwode,
733 5253 873 5316 Thomas
890 5253 1032 5337 Larkyn,
1048 5254 1191 5339 Rogerus
1212 5260 1283 5317 ειιε
1297 5252 1452 5339 Wythye,
1475 5260 1508 5318 et
1534 5256 1633 5319 multi
1656 5257 1714 5320 alii
1738 5264 1850 5323 tenent

356 5339 442 5402 inter
465 5360 499 5402 se
525 5342 699 5422 separatim
713 5338 792 5427 iiij⁰r
808 5341 833 5411 f.
849 5342 883 5403 in
898 5340 1106 5408 Hanrarnnn
1129 5348 1162 5405 ει
1174 5342 1410 5420 Bnaaamroa,
1426 5342 1576 5421 Bouana,
1594 5350 1630 5407 et
1645 5344 1847 5426 Anrarseoa,

356 5427 404 5487 ita
418 5427 502 5513 quod
518 5446 584 5489 non
598 5432 651 5490 est
664 5427 783 5513 aliquis
798 5434 861 5493 eto.
1348 5481 1352 5486 .
