4092 6117
894 573 981 642 Μ).
1004 576 1100 643 1428.
1683 577 1746 642 251

288 857 444 927 Priorissa
466 861 509 924 de
534 862 701 928 Dertelord
725 869 819 931 tenet
843 867 1034 930 immediate
1059 868 1099 931 de
1123 887 1199 952 rege
1229 868 1263 930 in
1295 868 1444 934 errrnn
1474 871 1563 931 certe
1588 872 1691 930 terras
1714 873 1749 931 et

244 949 440 1100 &promta
455 969 519 1031 que
541 969 646 1034 nuper
671 950 804 1017 inerunt
830 952 980 1037 priorisse
995 955 1035 1018 de
1051 953 1234 1034 Derteford,
1251 975 1306 1038 per
1327 955 1501 1019 servicium
1515 961 1631 1040 quarte
1646 958 1749 1038 pertis

287 1172 460 1238 Abbatisaa
488 1175 645 1241 Wiltcnie
676 1182 770 1242 tenet
799 1178 991 1244 immediate
1020 1181 1062 1244 de
1092 1201 1167 1266 rege
1196 1181 1230 1243 in
1261 1183 1434 1247 Anvnsrcrv
1465 1185 1553 1243 certa
1582 1188 1686 1244 terras
1714 1187 1748 1244 et

245 1263 444 1340 tenementa,
469 1283 531 1345 que
556 1285 661 1348 nuper
685 1267 817 1330 luerunt
842 1267 1006 1331 abbatisse
1033 1267 1201 1345 Wiltonie‚
1229 1289 1286 1351 per
1309 1269 1480 1332 servicium
1506 1274 1623 1351 quarte
1646 1269 1748 1350 partis

245 1367 301 1410 un.
315 1347 339 1412 f.
355 1369 401 1413 m.
419 1355 451 1412 et
467 1349 564 1413 solvit
578 1353 721 1416 decimas
736 1374 793 1437 pro
808 1354 931 1418 eiedem
948 1356 1079 1437 quando
1094 1359 1239 1419 currunt.
1567 1413 1570 1420 .

288 1485 458 1550 abbatissa
475 1489 634 1556 Wiltonie
657 1498 749 1556 tenet
773 1492 963 1557 immediate
989 1493 1030 1558 dc
1054 1515 1130 1577 rege
1154 1495 1189 1559 in
1205 1495 1372 1561 Bennwvn
1397 1497 1515 1564 smum
1533 1495 1698 1562 Jousnnrs
1714 1500 1749 1559 et

244 1573 429 1640 Bnruuanrr
444 1585 534 1640 certa
549 1582 653 1642 terras
668 1585 703 1643 et
717 1585 916 1658 tenemento,
940 1603 1002 1664 que
1028 1603 1132 1665 nuper
1158 1581 1291 1646 fuerunt
1316 1581 1482 1648 abbatisse
1498 1581 1668 1662 Wiltonie,
1691 1602 1750 1666 per

244 1661 413 1725 servicium
427 1683 483 1729 un.
498 1663 522 1730 f.
539 1686 584 1731 m.
630 1666 674 1730 Et
689 1674 767 1732 sunt
782 1667 998 1736 decimabilia.
1530 1726 1534 1733 ·
1815 1675 1819 1684 ⁴

287 1795 452 1864 Johannes
475 1799 626 1886 Beynton
650 1807 742 1867 tenet
770 1804 964 1869 immediate
993 1805 1034 1868 de
1064 1806 1182 1869 honore
1212 1806 1254 1869 de
1285 1804 1499 1890 Walyngfcrd
1527 1809 1562 1868 in
1594 1805 1748 1872 Tonnaan

243 1890 332 1948 certa
346 1893 446 1952 terrae
460 1894 496 1952 et
511 1895 708 1968 tenemento,
724 1911 786 1978 que
801 1911 905 1975 nuper
927 1892 1060 1957 luerunt
1071 1927 1255 1972 —-,
1271 1913 1329 1977 per
1355 1893 1529 1956 servicium
1551 1892 1597 1957 di.
1612 1890 1635 1958 f.
1651 1914 1697 1959 m.
1713 1900 1749 1957 et

245 1972 333 2037 dicta
347 1979 433 2038 terre
448 1983 483 2040 et
497 1981 687 2041 tenemento
701 1984 779 2042 eunt
793 1979 829 2042 in
845 1999 944 2042 manu
959 1979 1086 2044 domini
1100 1981 1197 2065 regis,
1212 2000 1323 2064 proco
1344 1980 1429 2064 quod
1452 1980 1560 2044 dictus
1581 1977 1749 2044 Johannes

245 2064 296 2123 est
309 2061 345 2124 in
360 2061 509 2126 custodia
521 2064 646 2128 domini
662 2065 760 2150 regis,
776 2072 810 2129 et
824 2066 1046 2132 intractatam
1063 2067 1128 2153 xxj.
1143 2087 1313 2134 annornm.

288 2196 411 2263 Dicunt
424 2199 564 2264 ulterius
578 2199 658 2265 dicti
681 2201 841 2285 juratores
856 2204 941 2288 quod
966 2224 1030 2267 non
1056 2210 1132 2268 sunt
1158 2205 1222 2268 alie
1249 2223 1380 2288 persone
1403 2205 1469 2268 sive
1491 2209 1643 2268 tenentes
1665 2205 1750 2269 intra
1846 2255 1857 2274 .

245 2281 449 2351 hundredum
465 2287 659 2372 predictum,
676 2291 787 2354 seisite
802 2293 836 2354 in
852 2292 1016 2356 dominico
1032 2312 1089 2355 suo
1104 2292 1305 2372 immediate,
1322 2297 1361 2354 ut
1376 2292 1418 2355 de
1432 2291 1534 2355 libero
1549 2295 1748 2370 tenemento,

246 2372 332 2436 unde
345 2373 459 2438 eedem
474 2395 610 2459 persone
633 2379 701 2440 sive
716 2383 866 2442 tenentes
879 2380 1116 2463 possessionate
1131 2380 1288 2458 existunt,
1312 2380 1368 2465 qui
1383 2383 1500 2442 tenent
1515 2398 1573 2462 per
1586 2381 1750 2464 integrum

245 2459 375 2525 feodum
390 2461 509 2526 militis
523 2464 749 2544 medietatem,
766 2466 913 2546 terciam,
929 2467 980 2531 vel
995 2471 1156 2551 quartam,
1172 2471 1297 2550 partem
1313 2487 1370 2531 un.
1387 2467 1410 2534 f.
1428 2487 1473 2534 m.
1490 2466 1657 2532 inclusive.

288 2598 326 2661 In
341 2598 435 2685 cujus
450 2602 496 2665 rei
511 2600 740 2666 testimoninm
755 2610 817 2670 etc.

744 2839 1260 2851 ——-—-—-———-——--

692 3017 913 3085 Hunnorum
936 3039 980 3084 nn
1003 3016 1315 3085 OHIPPENHAM.

270 3121 470 3237 'Inquisicio'
484 3157 579 3238 capta
593 3155 681 3238 apud
697 3153 932 3238 Chippenbam,
958 3154 1013 3218 die
1039 3154 1197 3218 Mercurii
1222 3155 1368 3238 proximo
1393 3159 1464 3236 post
1489 3154 1610 3217 festum
1638 3151 1751 3217 Sancti

247 3237 395 3304 Barnabe
410 3241 569 3326 Apostoli,
585 3261 670 3305 anno
693 3243 789 3326 regni
813 3244 900 3326 regis
926 3241 1061 3305 Henrici
1088 3243 1171 3306 sexti
1196 3253 1268 3325 post
1292 3247 1506 3324 conquestum
1527 3247 1627 3318 sexto,
1643 3261 1749 3304 coram

246 3324 397 3392 Johanne
423 3328 526 3412 Payn,
550 3327 692 3392 Roberto
716 3329 825 3415 Erley‚
854 3327 1005 3393 Johanne
1033 3329 1167 3413 Sturmy
1192 3329 1234 3392 de
1257 3328 1408 3405 Areiord,
1425 3326 1573 3390 Johanne
1596 3327 1683 3411 Bryd
1709 3329 1750 3392 de

245 3413 466 3500 Marleburgb,
484 3416 626 3480 Henrico
641 3415 807 3500 Bradeley,
823 3414 972 3480 Johanne
988 3417 1122 3501 Sturmy
1136 3417 1178 3480 de
1192 3415 1447 3494 Wacbeneafeld,
1472 3413 1621 3478 Johanne
1645 3413 1747 3499 Buye,

246 3501 413 3565 ll'illelmc
427 3502 513 3565 Lcrd
527 3503 568 3568 de
583 3501 676 3567 Nova
690 3503 870 3568 sarisburia
886 3510 920 3568 et
933 3504 1085 3568 Johanne
1101 3502 1291 3567 Mountford
1307 3502 1347 3565 de
1362 3502 1429 3585 Lye
1449 3501 1547 3585 juxta
1563 3501 1746 3586 Weatbury,

245 3589 469 3654 collectoribus
480 3589 616 3654 subsidii
625 3591 751 3655 domini
761 3593 846 3676 regis
857 3591 891 3655 in
907 3590 1027 3654 ultimo
1037 3590 1251 3674 parliamento
1263 3610 1320 3653 suo
1329 3589 1417 3673 apud
1428 3588 1749 3653 westmonasterium

245 3676 1245 3829 trtttttittd{itiitereitti*tt
1271 3677 1748 3827 {tmtttttttttiiit

246 3849 396 3914 Nicholai
423 3815 585 3936 Spondrill,
612 3849 760 3917 Nicbolai
784 3851 932 3929 Pulbere,
960 3816 1083 3916 'l'home
1110 3784 1402 3934 Beilly,yl1lllill’elmi
1425 3849 1575 3933 Kcynell,
1591 3815 1749 3914 debanniri

246 3937 407 4023 Hullyng,
438 3937 573 4003 Roberti
602 3937 740 4019 Ruttok,
771 3937 921 4003 Nicbolai
950 3939 1101 4003 Falevvell
1132 3945 1166 4002 et
1195 3936 1319 4001 Thome
1345 3942 1415 4001 atte
1446 3939 1528 4022 Nye,
1555 3938 1748 4024 juratorum,

245 4026 426 4110 juratorum
452 4025 493 4088 de
519 4024 689 4090 hundredo
711 4028 752 4091 de
778 4025 1014 4112 Chippenbam,
1041 4027 1097 4110 qui
1121 4026 1236 4089 dicunt
1273 4046 1367 4108 super
1391 4034 1627 4089 sacramentum
1653 4045 1748 4090 suum

246 4112 332 4198 quod
346 4131 458 4176 ornnes
473 4133 605 4197 persone
620 4116 654 4176 in
670 4115 735 4177 ista
749 4115 962 4197 inquisitione
975 4114 1144 4176 nominate
1159 4118 1236 4176 sunt
1260 4114 1371 4176 seisite
1394 4118 1427 4174 et
1454 4113 1699 4195 possessionate,
1715 4119 1750 4176 et

244 4219 357 4351 eprupn
372 4201 529 4354 qlplppibett
540 4207 590 4265 eet
605 4201 717 4352 seisptp
731 4203 1018 4352 οῐιροὲεεείἵηαὶα
1032 4200 1073 4352 dp
1087 4201 1185 4351 tertris
1197 4199 1446 4351 egdtenepnepntis
1460 4199 1675 4302 in‘dominico
1684 4221 1749 4350 pue

246 4306 269 4351 u
337 4307 356 4350 e
451 4308 487 4351 ro
530 4307 666 4352 enemen
705 4339 714 4368 ,
745 4308 762 4352 e
850 4307 914 4352 nen
968 4308 1026 4352 seu
1072 4307 1131 4352 ene
1177 4307 1211 4350 m
1254 4307 1273 4351 ο
1303 4308 1321 4350 e
1379 4306 1469 4349 orma
1498 4307 1556 4370 qur
1584 4307 1681 4352 secun
1698 4307 1748 4367 ur,

245 4374 397 4440 videlicet
409 4375 496 4460 quod
507 4397 560 4438 :-

289 4561 453 4629 Walterns
478 4563 695 4650 Hungeriord,
721 4561 874 4641 chivaler,
896 4563 1049 4628 dominus
1071 4563 1113 4628 de
1138 4561 1359 4647 Hungeriord,
1385 4562 1684 4652 tenetninmediate
1707 4562 1748 4628 de

246 4651 379 4718 domino
392 4671 468 4738 rege
480 4653 533 4716 ic
543 4657 630 4716 certa
643 4657 747 4716 terrae
761 4658 795 4717 et
810 4656 1001 4716 tenementa
1014 4653 1049 4714 in
1063 4651 1295 4728 circensem,
1308 4651 1484 4718 Snrnnnun
1496 4656 1530 4715 et
1542 4651 1747 4731 varnsvorv,

245 4755 309 4824 qne
322 4759 427 4824 nuper
439 4739 575 4803 inerunt
589 4739 732 4808 Galtridi
747 4738 885 4824 Catelyn
901 4745 936 4803 et
949 4739 1102 4817 aliorum,
1116 4759 1172 4822 per
1187 4739 1358 4802 servicium
1375 4738 1420 4803 di.
1436 4737 1459 4804 i.
1473 4758 1521 4804 m.

288 4875 473 4941 willelmus
487 4875 643 4960 Bonvyle,
656 4873 809 4958 cbivaler,
826 4882 921 4942 tenet
935 4876 1116 4942 inmediate
1132 4876 1173 4939 de
1187 4873 1320 4940 domino
1335 4895 1412 4960 rege
1428 4873 1481 4940 i.c.
1497 4879 1585 4938 certa
1598 4853 1749 4940 terrasbt

244 4963 615 5118 Zp'eirpiffiadiipfilgnsr
640 4964 812 5046 Krrtcrcrr,
839 4957 903 5051 que
927 4984 1033 5048 nuper
1056 4965 1192 5028 fuerunt
1217 4962 1349 5026 domine
1375 4961 1417 5026 de
1444 4960 1664 5045 Beaucbemp,
1693 4983 1749 5046 per

287 5187 435 5268 Isabella,
450 5208 555 5272 nuper
568 5207 648 5250 uxor
661 5186 821 5252 lobannis
835 5187 875 5252 de
890 5186 1044 5265 Rovrdon,
1059 5190 1152 5252 tenet
1165 5185 1345 5252 inmediate
1360 5185 1400 5250 de
1415 5186 1548 5249 domino
1562 5204 1639 5269 rege
1660 5191 1750 5248 certa

243 5280 345 5341 terrae
359 5283 394 5341 et
407 5280 596 5340 tenemento
605 5275 639 5338 in
651 5275 808 5354 Menos,
817 5275 981 5340 reddendo
996 5275 1073 5338 inde
1087 5294 1145 5357 per
1156 5293 1270 5338 manus
1281 5273 1482 5338 vicecomitis
1497 5272 1539 5336 ad
1555 5274 1747 5338 scaccarium

244 5365 346 5446 ipsius
360 5365 449 5448 regis
465 5362 563 5450 viiii.
579 5381 776 5447 perannum
791 5383 849 5448 pro
863 5361 1015 5428 omnibus
1031 5363 1188 5429 serviciis.
