4092 6117
802 648 887 720 nl).
911 654 1139 723 lats-1325.
1658 652 1721 729 145

261 935 447 1002 willelmus
476 938 518 1003 de
548 938 731 1027 Burghersh
761 944 875 1008 ecdem
903 947 1001 1009 modo
1030 950 1065 1010 et
1093 945 1200 1012 adhuc
1236 953 1330 1014 tenet
1365 969 1424 1034 per
1459 951 1568 1035 legem
1599 952 1719 1039 singlis

220 1023 379 1088 decimam
393 1034 521 1110 partam
535 1028 560 1114 j.
575 1028 599 1094 f.
615 1030 655 1094 de
670 1031 826 1113 predictis
840 1032 901 1120 iiij.
918 1034 942 1100 ι
958 1036 994 1097 in
1010 1034 1229 1101 Hnarsnnnn.

259 1162 441 1229 Mauricius
469 1166 509 1230 de
538 1166 689 1253 Hcdlegh
726 1171 835 1235 tenuit
872 1176 908 1235 et
943 1170 1049 1236 adhuc
1086 1178 1180 1238 tenet
1217 1174 1258 1237 de
1288 1173 1405 1237 eodem
1442 1172 1562 1241 honore
1592 1178 1717 1243 eisdem

219 1252 419 1335 temporibus
433 1258 582 1339 quartam
597 1261 725 1339 partem
735 1258 763 1340 j.
780 1258 804 1324 f.
820 1260 855 1321 in
871 1258 1079 1365 Hnarnsnnu
1094 1261 1135 1325 dc
1149 1261 1308 1345 predictis
1323 1261 1386 1349 iiij.
1403 1261 1426 1325 f.

260 1388 443 1455 Willelmus
466 1393 507 1456 de
530 1392 770 1481 Dallyngeregg
795 1401 828 1460 et
855 1396 971 1474 silicia,
997 1419 1076 1461 uxor
1100 1397 1182 1485 ejus,
1208 1399 1249 1462 de
1277 1398 1456 1463 hereditate
1480 1402 1583 1482 ipsius
1600 1401 1712 1482 ariete,

218 1481 333 1541 tenent
348 1478 390 1542 de
405 1480 517 1543 eodem
532 1480 649 1545 honore
664 1483 874 1547 undecimam
889 1493 1016 1568 partem
1027 1484 1055 1569 j.
1072 1486 1095 1551 f.
1113 1486 1234 1550 ibidem
1249 1486 1289 1550 de
1305 1487 1461 1570 predictis
1476 1486 1538 1575 iiij.
1554 1486 1577 1554 t.

259 1615 404 1679 Andreas
431 1616 472 1680 de
502 1616 650 1683 Sahevile
679 1622 789 1684 tenuit
817 1623 942 1686 eisdem
972 1623 1175 1707 temporibus
1205 1625 1245 1688 de
1274 1626 1390 1688 eodem
1417 1624 1537 1689 honore
1568 1629 1715 1690 octavam

218 1701 376 1765 decimam
391 1710 516 1787 partem
527 1705 555 1790 j.
571 1707 593 1771 f.
609 1727 654 1773 m.
671 1707 711 1772 de
726 1708 883 1792 predictis
898 1709 959 1795 iiij
975 1711 1000 1776 f.

259 1840 421 1905 Heuricus
436 1841 476 1906 de
491 1844 639 1927 Fryntcn
658 1845 696 1926 (i)
714 1846 827 1910 tenuit
840 1847 962 1910 eisdem
977 1847 1179 1931 temporibus
1194 1848 1235 1911 ds
1249 1846 1364 1911 codem
1389 1846 1511 1912 honore
1526 1849 1715 1911 vicesimam

216 1929 367 2009 quintam
382 1936 510 2014 partem
524 1931 549 2018 j.
565 1934 589 1999 t.
605 1934 640 1995 in
656 1934 863 2000 Hsarnrnnn
878 1935 918 1999 de
933 1934 1089 2018 predictis
1104 1933 1166 2020 iiij.
1183 1933 1206 2000 f.

259 2063 425 2129 Johannes
439 2066 479 2130 de
493 2066 723 2155 Dalyngeregg
744 2068 883 2157 [tenuit]
904 2070 1031 2133 eisdem
1045 2068 1248 2153 temporibus
1262 2074 1296 2133 ct
1312 2068 1417 2133 adhuc
1437 2074 1532 2134 tenet
1545 2070 1587 2133 dc
1601 2071 1715 2135 codem

217 2146 337 2215 honore
353 2155 527 2238 septimam
542 2161 668 2239 partem
685 2158 710 2242 J’.
726 2158 749 2220 f.
766 2158 807 2221 dc
823 2158 979 2241 predictis
994 2156 1056 2241 iiij.
1073 2157 1096 2222 i.

259 2288 419 2354 Rcbertus
446 2291 485 2355 de
512 2292 642 2358 Passele
657 2298 767 2358 tenuit
792 2294 1143 2381 eisdem‘tcmpcribus
1175 2292 1232 2381 [de
1256 2291 1462 2381 tenentibus]
1495 2294 1661 2358 Edmundi
1675 2295 1716 2360 de

215 2376 348 2549 ffiajssple
375 2378 415 2442 de
441 2380 624 2445 hereditate
649 2382 729 2445 dicti
753 2382 890 2479 ilenrici
913 2382 959 2463 de,
980 2382 1151 2447 Herteleld
1172 2382 1201 2465 J'.
1217 2380 1240 2448 f.
1266 2382 1300 2445 in
1323 2382 1464 2449 Bousrvn
1489 2381 1528 2445 de
1554 2382 1709 2465 predictis

258 2598 422 2663 Robertus
444 2598 552 2688 [Davy
566 2602 691 2691 tenuit]
713 2605 838 2669 eisdem
854 2605 1057 2688 temporibus
1071 2603 1113 2668 de
1127 2605 1248 2668 honore
1262 2604 1408 2688 predicto
1433 2606 1458 2692 j.
1475 2608 1498 2671 f.
1514 2611 1549 2670 et
1563 2613 1713 2689 quartam

217 2693 340 2769 partem
354 2688 380 2774 J‘.
396 2691 486 2772 parvi
501 2692 525 2755 f.
542 2691 705 2755 Mortcnie
718 2693 752 2754 in
769 2694 940 2772 Horresco,
953 2691 1454 2773 Parnassuslmmcaesros,
1471 2700 1506 2757 et
1520 2695 1713 2760 Burmncn-

217 2795 289 2855 ron,
306 2780 339 2838 et
364 2777 454 2859 prior
478 2777 519 2840 de
544 2778 658 2842 Leves
675 2782 808 2859 (tenuit)
827 2787 893 2843 tres
918 2785 1025 2864 partes
1040 2778 1189 2865 ejusdem
1206 2777 1228 2844 f.
1243 2780 1278 2843 in
1294 2780 1476 2847 Lancnnvn
1492 2786 1527 2845 et
1541 2782 1711 2862 Hoasrnn,

216 2882 277 2946 qne
291 2864 456 2947 quondam
471 2863 604 2930 fuerunt
618 2865 779 2931 Willelmi
792 2867 894 2951 Davy.

217 2983 226 2999 ⁹
258 3000 306 3065 Dc
321 3001 368 3067 di.
384 3000 408 3067 f.
424 3003 588 3085 quondam
603 3003 740 3067 Walteri
754 3004 795 3067 de
811 3002 1029 3067 Attricheston
1044 3001 1148 3066 nichil
1164 3003 1284 3069 sciunt.

258 3139 402 3203 Andreas
427 3141 560 3205 Peverel
585 3144 694 3206 tenuit
717 3141 917 3226 temporibus
943 3141 1098 3226 predictis
1123 3142 1165 3205 de
1191 3141 1325 3205 domino
1350 3162 1425 3225 rege
1440 3143 1493 3208 ιο.
1508 3142 1589 3206 duas
1603 3146 1713 3227 parter

214 3226 238 3313 j.
254 3228 344 3309 parvi
360 3227 381 3292 f.
398 3228 563 3293 Mortcnie
577 3230 613 3293 in
627 3230 853 3297 Bmcrsrnron.

256 3364 305 3429 De
329 3366 431 3429 tercia
456 3373 548 3450 parte
572 3368 598 3453 J’.
614 3368 636 3431 ι
653 3390 699 3433 m.
715 3367 749 3431 in
776 3369 1017 3436 Bassamcron
1037 3372 1152 3448 (tenta)
1169 3366 1210 3430 de
1233 3386 1309 3452 rege
1333 3368 1386 3431 ιο.
1403 3386 1466 3450 que
1489 3366 1554 3430 fuit
1581 3367 1710 3432 Ricardi

213 3450 293 3516 Card
310 3457 346 3515 et
360 3452 506 3538 Philippi
520 3455 561 3518 de
579 3454 802 3539 Beneringtcn
817 3456 918 3519 nichil
933 3457 1053 3521 sciunt.

255 3588 396 3653 Thomas
421 3590 461 3654 de
488 3591 658 3656 leukenor
680 3594 791 3656 tenuit
822 3592 1023 3676 temporibus
1056 3590 1212 3674 predictis
1240 3590 1282 3653 de
1310 3588 1444 3652 domino
1470 3609 1545 3679 rege
1570 3591 1621 3656 ιο.
1645 3592 1713 3654 tria

213 3696 309 3758 parva
338 3677 362 3744 i.
393 3678 558 3743 Mortonie
594 3681 629 3742 in
667 3680 826 3746 Hcasrnn
857 3685 892 3743 et
920 3679 999 3743 alibi
1035 3699 1097 3762 que
1125 3678 1289 3763 quondam
1319 3676 1450 3740 ruerunt
1481 3676 1640 3741 Johannis
1670 3679 1711 3741 de

268 3810 277 3828 .
324 3815 332 3831 .
380 3812 388 3829 .
434 3762 538 3853 .[et]
560 3767 695 3831 Ricardi
712 3766 908 3851 deKeynes.

256 3902 369 3965 Simon
386 3904 543 3989 Evenyng
556 3907 665 3985 tenuit
679 3905 803 3968 eisdem
818 3905 1019 3989 temporibus
1034 3904 1074 3967 de
1088 3923 1162 3989 rege
1178 3903 1230 3969 ιο.
1244 3908 1369 3967 sextam
1385 3906 1514 3986 partem
1524 3902 1552 3985 j.
1569 3903 1592 3967 t.
1609 3924 1654 3967 nr.
1670 3903 1710 3965 de

221 3984 333 4073 [parvo
348 3991 371 4056 f.
388 3990 568 4077 Mortouie]
589 3993 625 4054 in
640 3992 792 4071 Bouaun,
808 4014 872 4076 que
887 3991 1052 4076 quondam
1067 3990 1201 4054 fuerunt
1215 3990 1356 4055 Gilberti
1371 3992 1402 4053 le
1419 3988 1562 4054 Fraunlr.

216 4213 224 4229 .
253 4126 443 4277 Jl'iplpilmus
467 4130 499 4194 le
524 4130 589 4193 Bat
614 4132 723 4194 tenuit
746 4130 870 4194 eisdem
892 4127 1096 4213 temporibus
1110 4128 1151 4191 de
1166 4147 1243 4212 rege
1258 4128 1313 4193 ιο.
1329 4126 1429 4190 aliam
1444 4130 1569 4189 sextam
1583 4130 1710 4208 partem

211 4234 236 4299 J.
267 4235 304 4279 ,ι
326 4234 339 4276 ι
360 4235 423 4281 em.

256 4351 439 4415 Almericus
464 4352 504 4416 de
530 4352 685 4418 Crodcme
711 4354 822 4416 tenuit
837 4355 871 4416 in
897 4353 1051 4437 predictis
1065 4353 1159 4415 annis
1174 4350 1284 4437 xxviij.
1301 4355 1336 4414 et
1351 4349 1437 4437 xxxj.
1453 4356 1487 4414 et
1502 4349 1654 4413 Matheus
1669 4351 1710 4415 de

213 4438 327 4502 Monte
341 4440 481 4503 Martini
495 4442 606 4504 tenuit
621 4442 655 4503 in
671 4461 756 4504 anno
771 4440 894 4527 xxxiiij.
911 4447 1060 4523 quartam
1076 4444 1204 4523 partem
1215 4438 1243 4524 j.
1259 4440 1283 4504 f.
1299 4460 1344 4503 m.
1360 4438 1445 4523 quod
1462 4436 1710 4501 Bartholomeus

213 4526 251 4589 de
270 4526 495 4591 Badelesmere
510 4548 596 4590 nunc
611 4533 703 4591 tecet
717 4528 757 4590 de
771 4530 903 4591 domino
917 4548 994 4612 rege
1008 4529 1063 4593 ιο.
1080 4548 1137 4611 per
1153 4527 1324 4589 servicium
1343 4524 1370 4610 j.
1387 4526 1478 4608 pcrvi
1495 4526 1517 4590 i.
1534 4525 1710 4603 Mortonie,

213 4615 298 4698 quod
313 4615 478 4698 quondam
493 4616 556 4679 fuit
573 4616 601 4678 F
602 4616 726 4679 ulconis
741 4616 781 4679 de
796 4614 985 4698 Cantelupo.

256 4751 356 4830 Hugo
371 4751 512 4815 Barduli
521 4752 631 4815 tenuit
646 4751 680 4814 in
695 4752 849 4834 predictis
864 4753 959 4814 annis
974 4749 1085 4837 xxviij.
1100 4755 1133 4814 et
1148 4751 1234 4835 xxxj.
1250 4756 1285 4811 et
1299 4748 1449 4828 Thomas,
1465 4748 1550 4811 filins
1565 4753 1598 4811 et
1618 4747 1709 4811 heres

213 4839 353 4919 predicti
378 4839 541 4924 Hugonis‚
559 4841 666 4902 tenuit
684 4841 719 4901 in
734 4860 819 4903 anno
833 4838 957 4923 xxxiiij.
975 4839 1154 4901 manerium
1172 4838 1212 4899 de
1227 4837 1389 4901 Bnanvnc
1415 4838 1453 4898 de
1478 4835 1610 4897 domino
1634 4856 1709 4919 rege

210 4925 260 4988 ιο.
276 4924 362 5009 quod
377 4934 426 4988 est
440 4927 526 4989 intra
542 4924 696 4989 honorem
710 4926 751 4989 dc
767 4928 884 5011 Aquila
898 4926 940 4988 de
955 4924 1135 4987 hereditate
1150 4923 1239 4986 Gum
1250 4920 1322 5009 [ay]
1364 4973 1372 4988 .
1411 4958 1415 4963 ·
1419 4970 1703 4987 ......

211 5019 388 5074 tenuerunt
402 5011 442 5075 de
458 5014 570 5077 ecdem
585 5012 766 5077 hereditate
781 5035 839 5097 per
852 5013 1027 5076 servicium
1049 5012 1074 5097 j.
1090 5012 1113 5075 l.
1128 5032 1174 5075 nr.
1191 5012 1276 5095 quod
1293 5009 1455 5093 quondam
1471 5008 1534 5071 fnit
1550 5007 1708 5071 Willelmi

209 5098 250 5160 de
266 5099 430 5163 Cressetis.
