4092 6117
897 607 983 680 Μ).
1008 609 1104 678 1402.

675 897 915 988 [Hnunennuu
938 921 983 966 nn
1004 895 1323 986 DONEWORTH]

289 1039 377 1102 Item
408 1038 536 1116 dicunt,
563 1039 650 1123 quod
680 1036 823 1101 Thomas
853 1038 1013 1121 Mouhray
1038 1041 1131 1102 tenet
1160 1037 1343 1100 manerium
1374 1035 1414 1100 de
1440 1037 1683 1117 wammam,
1710 1036 1752 1101 de

245 1128 378 1190 domiuo
406 1147 482 1211 rege
511 1127 563 1192 i.c.
595 1127 665 1190 sine
695 1126 807 1189 medio
836 1128 871 1189 in
903 1127 1041 1208 socagio,
1071 1125 1158 1210 quod
1188 1124 1298 1188 valent
1326 1144 1385 1208 per
1414 1144 1537 1188 annum
1567 1127 1640 1192 stt.
1665 1124 1752 1189 infra

246 1211 452 1279 hundredum
466 1214 506 1277 de
519 1212 725 1280 Doneworth.

243 1414 245 1417 .
289 1351 334 1415 Et
347 1351 433 1435 quod
449 1372 511 1416 non
528 1358 605 1416 sunt
631 1351 724 1436 plura
747 1355 845 1429 terre,
868 1358 926 1415 aut
949 1353 1152 1428 tenemento,
1176 1353 1269 1413 tenta
1294 1347 1335 1413 de
1358 1349 1491 1413 domino
1514 1369 1588 1436 rege
1608 1351 1663 1418 i.c.
1682 1351 1753 1417 sine

246 1441 364 1517 medio,
379 1439 464 1502 inira
478 1438 685 1503 hundredum
702 1438 897 1522 predictum.

291 1577 331 1640 In
347 1578 440 1664 cujus
455 1578 502 1642 rei
517 1577 749 1641 testimonium
764 1583 827 1643 etc.

289 1777 469 1862 inquisicio
498 1783 597 1863 cepta
614 1759 712 1860 'apud
749 1777 876 1841 Novam
913 1775 1144 1852 Sarisburiam,
1172 1774 1226 1838 die
1263 1774 1356 1838 Lune
1393 1775 1427 1839 in
1465 1776 1608 1840 crastino
1639 1775 1752 1840 Remis

246 1865 446 1945 Palmarum,
475 1885 560 1929 anno
588 1867 682 1950 regni
711 1867 798 1950 regis
828 1864 963 1928 Henrici
992 1863 1103 1949 quarti
1140 1868 1214 1946 post
1250 1868 1465 1944 conquestum
1501 1863 1616 1941 tercio,
1643 1884 1752 1926 coram

245 1953 266 2016 J
269 1953 394 2016 ohanne
409 1954 565 2036 Goweyn,
579 1955 772 2016 vicecomite
787 1952 918 2029 Wiltes,
933 1956 967 2016 et
983 1951 1078 2015 sociis
1093 1951 1174 2030 suis,
1190 1950 1478 2014 commissionariis
1492 1949 1534 2013 ad
1556 1951 1752 2016 racionabile
1876 1983 1880 1992 ·

245 2041 407 2104 auxilium
432 2060 490 2124 pro
514 2040 683 2120 Blanchia,
699 2041 768 2103 tilia
793 2041 918 2102 domini
944 2041 1033 2124 regis
1056 2038 1287 2122 primogenita,
1310 2037 1497 2102 maritanda
1519 2037 1696 2102 levandum
1718 2045 1753 2101 et

245 2129 478 2212 colligendum,
491 2149 549 2210 per
563 2135 803 2192 sacramentum
818 2124 979 2190 Johannis
994 2123 1159 2202 Deekane‚
1172 2121 1297 2188 Thome
1323 2123 1465 2209 Meryet,
1492 2124 1626 2188 Roberti
1641 2124 1753 2205 Boset,

246 2217 413 2278 Dominici
429 2213 564 2298 Uphull,
582 2213 742 2279 Johsnnis
757 2215 911 2297 Goweyn,
928 2214 1077 2301 junioris,
1094 2211 1214 2297 Rogeri
1229 2211 1372 2296 Aisyme,
1389 2210 1533 2276 Galfridi
1547 2211 1750 2297 Tycheburn,

246 2302 413 2386 Redulphi
438 2301 608 2387 Corderay‚
640 2302 772 2366 Roberti
803 2301 974 2382 Munere,
1003 2297 1165 2364 Johannis
1193 2303 1263 2363 atie
1293 2298 1401 2378 Helle,
1432 2298 1568 2364 Roberti
1598 2299 1752 2380 Garston,

243 2391 399 2454 himerici
413 2390 515 2473 Davy,
532 2393 588 2475 qui
602 2391 719 2455 dicunt
734 2410 830 2474 super
845 2393 1086 2454 recrementum
1102 2405 1210 2465 snum,
1224 2385 1311 2470 qnod
1322 2411 1376 2454 :-

715 2561 953 2652 [Hnunennuu
977 2583 1021 2628 nn
1044 2557 1288 2648 Dounion]

289 2703 474 2766 Willelmns
490 2701 664 2788 Wyirhem,
680 2705 850 2787 episcopus
864 2701 1122 2785 Wyntcniensis,
1136 2703 1228 2765 tenet
1254 2700 1289 2763 in
1315 2699 1476 2762 comitatu
1499 2697 1617 2764 Wiltes
1640 2699 1752 2763 villam

247 2791 287 2853 de
317 2793 472 2868 Hrunou,
499 2792 681 2854 manerium
713 2792 754 2854 de
784 2791 957 2868 Douurou,
983 2789 1243 2868 Eennseounun,
1273 2787 1414 2853 Fnurnn
1443 2787 1611 2867 Errscorr,
1639 2785 1752 2854 Guonn

246 2878 754 2956 Errseor1etUrrou,acomnia
768 2878 834 2940 elia
847 2876 1040 2960 temporalia
1054 2877 1137 2939 dicti
1151 2876 1356 2959 episcopatus
1370 2875 1404 2937 in
1420 2874 1579 2938 comitatu
1593 2874 1753 2962 predicto,

244 2987 307 3048 que
323 2975 401 3030 sunt
415 2965 575 3049 particule
590 2972 626 3029 et
641 2966 786 3028 membra
800 2966 949 3028 omnium
961 2964 1192 3042 temporalium
1204 2963 1245 3025 nd
1257 2963 1383 3026 dictum
1393 2963 1618 3046 episcopatum
1631 2961 1752 3045 ubique

244 3055 469 3135 spectancium
495 3058 626 3116 tanturn
650 3059 816 3116 tentorum
843 3052 885 3115 de
909 3050 1043 3114 domino
1069 3071 1143 3136 rege
1169 3052 1223 3119 i.c.
1250 3050 1321 3113 sine
1346 3049 1465 3127 medio,
1490 3068 1547 3132 per
1576 3051 1750 3112 servicium
1790 3068 1795 3078 ·

246 3142 391 3288 quiplque
421 3138 587 3203 feodorum
616 3140 772 3219 militnm,
802 3139 890 3202 unde
920 3139 1011 3202 idem
1040 3139 1210 3223 episcopus
1232 3137 1414 3201 onerandus
1443 3141 1494 3200 est
1522 3137 1558 3200 in
1588 3139 1751 3201 comitatu

247 3227 309 3291 Sut
333 3229 512 3311 amptonie.

292 3365 335 3428 Et
350 3365 475 3443 dicunt,
490 3365 576 3448 quod
592 3383 657 3428 non
671 3368 749 3429 sunt
763 3364 857 3448 plura
872 3369 968 3442 terre,
985 3367 1044 3425 aut
1058 3367 1260 3442 tenemento,
1276 3365 1368 3426 tenta
1382 3361 1423 3425 de
1438 3359 1571 3424 domino
1594 3380 1672 3448 rege
1695 3362 1749 3428 i.c.

247 3454 315 3516 sine
331 3453 451 3533 medio,
465 3450 551 3516 infra
566 3451 771 3517 hundredum
786 3453 828 3516 de
843 3451 997 3515 Douuton
1013 3449 1212 3534 predictum.

745 3639 981 3727 [Huunnnnuu
1004 3660 1049 3705 ou
1073 3635 1256 3724 OHALK]

290 3779 382 3843 Item
396 3780 525 3858 dicunt,
539 3779 627 3866 quod
642 3778 759 3842 Petrus
774 3777 909 3842 Stantor
923 3783 959 3842 et
971 3775 1115 3840 Thomas
1143 3761 1317 3861 Semelegh
1343 3778 1459 3838 teuent
1473 3772 1514 3840 de
1528 3773 1661 3837 domino
1676 3795 1751 3861 rege

245 3868 298 3933 i.c.
314 3869 384 3931 sine
399 3867 519 3946 medio,
537 3869 718 3930 manerium
744 3866 786 3929 de
812 3866 1060 3932 Ernaseonsun
1078 3865 1193 3944 Warn,
1209 3883 1268 3948 per
1291 3863 1463 3926 servicium
1490 3869 1546 3925 un.
1561 3861 1584 3928 f.
1600 3883 1646 3928 m.
1663 3862 1751 3928 inira

247 3952 452 4019 hundredum
467 3954 506 4018 de
523 3953 636 4019 chelle

290 4092 334 4155 Et
358 4093 444 4179 quod
466 4113 532 4157 non
557 4098 634 4157 sunt
658 4092 751 4176 plura
776 4097 876 4170 terre,
901 4097 960 4155 aut
986 4093 1185 4170 tenementa,
1211 4091 1305 4154 tenta
1320 4087 1361 4154 de
1375 4087 1509 4152 domino
1521 4105 1598 4174 rege
1613 4089 1665 4154 ic.
1681 4088 1750 4152 sine

247 4180 364 4258 medio,
378 4179 463 4244 infra
477 4179 686 4246 hundredum
699 4179 896 4264 predictum.
940 4267 952 4282 ·

686 4363 923 4453 [Hnunaanuu
947 4357 1313 4448 rerumrerum]

290 4507 376 4570 Item
392 4506 518 4582 dicunt,
531 4504 618 4590 qnod
634 4502 818 4566 Willelmus
844 4503 1010 4585 Esturmy,
1037 4499 1189 4576 chiselon
1204 4503 1297 4563 tenet
1321 4515 1422 4562 unam
1445 4503 1628 4563 carucatam
1651 4503 1748 4580 terre,

245 4614 320 4656 cnm
334 4594 557 4677 pertinenciis,
572 4596 607 4655 in
625 4591 843 4658 Counnsrnnn
860 4590 996 4657 Srunnr
1011 4596 1047 4651 et
1065 4589 1229 4664 Srrnuau,
1247 4587 1287 4649 de
1301 4587 1435 4649 domino
1460 4606 1534 4670 rege
1558 4589 1593 4649 in
1620 4590 1749 4672 socagio

246 4683 299 4747 i.c.
318 4683 388 4744 siue
404 4682 523 4758 medio,
538 4701 600 4764 que
617 4677 727 4742 velent
740 4699 798 4761 per
813 4696 935 4741 annum
950 4695 1013 4741 oe.
1031 4677 1116 4738 infra
1130 4674 1336 4738 hundredum
1352 4674 1393 4737 de
1408 4671 1507 4736 Furat
1514 4671 1631 4760 [feld].

287 4817 430 4882 Thomas
453 4816 601 4896 Skelton,
617 4817 769 4894 chivaler,
790 4819 882 4879 tenet
905 4834 1007 4877 unam
1033 4817 1219 4875 carucatam
1243 4815 1341 4888 terre,
1363 4829 1439 4873 cum
1463 4811 1687 4893 pertinenciis,
1709 4810 1750 4873 de

245 4906 377 4970 domino
401 4924 477 4990 rege
504 4907 558 4972 i.o.
575 4907 646 4967 sine
671 4904 792 4980 medio,
805 4904 841 4966 in
867 4902 1007 4986 socegio‚
1024 4902 1059 4964 in
1075 4899 1295 4967 Counnsrnno
1311 4897 1474 4976 Lovnnas,
1489 4917 1553 4981 que
1569 4896 1680 4983 ¹volent
1694 4919 1749 4981 per

245 5013 366 5059 sunum
382 5013 444 5060 cc.
460 4994 495 5057 in
509 4991 680 5056 hundredo
695 4992 852 5075 predicto.

289 5129 333 5193 Et
358 5130 446 5214 quod
469 5150 534 5193 non
558 5134 636 5192 sunt
658 5127 754 5210 plura
778 5133 874 5205 terre,
889 5132 948 5190 eut
970 5129 1173 5203 tenemento,
1198 5128 1291 5186 tenta
1315 5121 1356 5185 de
1371 5121 1505 5185 domino
1520 5141 1595 5206 rege
1610 5121 1662 5186 i.c.
1679 5121 1748 5185 sine

246 5219 364 5293 medio,
380 5219 466 5282 infra
479 5216 685 5281 hundredum
700 5216 895 5298 predictum.

289 5355 328 5420 In
344 5356 437 5442 eujus
451 5356 498 5426 rei
513 5351 740 5423 testimonium
757 5357 820 5415 etc.

825 5471 1173 5494 pummq——qw
