4092 6117
1003 584 1186 657 SUSSEX.

863 870 970 951 [AD.
1011 872 1329 954 lam-laam

848 1038 974 1125 [Rarus
996 1059 1040 1106 us
1064 1034 1333 1126 PEVENESE]

990 1178 1195 1262 (Imperfect.)

386 1356 665 1375 ......
688 1310 776 1374 filins
799 1317 835 1376 et
858 1310 952 1377 heres
977 1312 1167 1397 Baldewyni
1181 1314 1223 1377 de
1239 1311 1408 1392 aldeham,
1424 1312 1480 1395 qui
1506 1311 1617 1375 tenuit
1643 1310 1685 1374 de
1706 1307 1838 1373 domino

337 1416 414 1478 rege
441 1402 478 1458 ut
501 1395 540 1459 de
565 1396 685 1461 honore
708 1399 750 1462 de
766 1400 887 1484 Aquita
909 1422 963 1466 xv.
978 1400 1003 1467 f.
1019 1422 1066 1469 m.
1081 1402 1122 1465 de
1146 1402 1253 1486 parvis
1277 1400 1380 1465 feodis
1395 1400 1585 1475 Moritonie‚
1599 1396 1687 1462 unde
1703 1394 1741 1484 ij.
1758 1396 1781 1461 f.
1797 1396 1836 1459 de

338 1484 493 1566 predictis
507 1504 558 1548 xv.
575 1484 597 1550 ἰ.
614 1492 691 1548 sunt
706 1487 741 1550 iu
757 1488 920 1551 comitatu
934 1487 1182 1566 Norbamtonie‚
1204 1485 1281 1575 [que
1296 1484 1444 1574 quidem]
1465 1486 1561 1550 feoda
1575 1487 1790 1569 contigerunt
1804 1484 1837 1545 iu

337 1572 518 1634 custodiam
540 1571 667 1635 domiui
693 1576 778 1657 regis
802 1575 1005 1658 temporibus
1020 1577 1224 1641 exercituum
1249 1576 1482 1659 predictorum,
1495 1574 1537 1637 de
1551 1572 1644 1658 cnjus
1660 1572 1837 1635 hereditate

338 1658 478 1721 Thomas
491 1658 533 1720 de
548 1658 711 1744 Muutauy
725 1665 821 1725 tenet
832 1662 860 1747 j.
876 1682 1014 1747 parvum
1028 1662 1053 1729 f.
1069 1664 1259 1729 Moritonie.

384 1793 539 1859 Ricardus
554 1794 698 1861 Codenor
718 1795 860 1886 [tenuit]
880 1800 974 1863 aunis
988 1800 1143 1884 predictis
1156 1799 1198 1863 de
1212 1797 1394 1864 hereditate
1407 1798 1553 1883 predicta
1573 1797 1598 1884 j.
1613 1816 1750 1881 parvum
1766 1795 1788 1861 i.
1802 1794 1836 1858 in

339 1882 545 1949 Honannsnn
560 1887 595 1947 et
610 1885 742 1952 Rscuon
765 1931 1381 1953 ............

381 2066 1023 2102 .............
1045 2024 1185 2089 Thomas
1210 2030 1282 2089 atte
1305 2022 1419 2103 Wode,
1446 2022 1607 2086 Henricus
1632 2020 1837 2105 Hsndyman,

338 2106 495 2171 Ricardus
510 2110 633 2194 Hervy‚
659 2110 822 2175 Gerardns
836 2112 877 2176 de
891 2112 1083 2197 Pyggeterle
1087 2158 1539 2193 ..........
1562 2110 1656 2172 annis
1679 2107 1838 2192 predictis

337 2194 378 2257 de
393 2194 571 2260 hereditate
585 2197 731 2281 predicta
744 2199 781 2285 ij.
795 2219 895 2283 parva
909 2201 932 2268 f.
947 2201 1125 2264 Meritonie
1140 2200 1176 2263 iu
1191 2200 1341 2279 Boanors,
1364 2194 1525 2286 [Dm-ron,
1541 2201 1575 2261 st
1592 2192 1795 2283 emacem]

381 2380 994 2403 ............
1015 2334 1178 2403 Jobsnnis
1206 2339 1300 2402 tenet
1337 2336 1379 2400 de
1416 2334 1594 2399 hereditate
1631 2332 1778 2418 predicta
1810 2332 1835 2420 j.

336 2439 471 2502 parvum
487 2420 511 2487 f.
527 2442 572 2487 m.
588 2423 623 2486 in
639 2422 821 2491 Gasanros
836 2430 873 2490 et
886 2424 979 2492 alibi.

380 2554 540 2622 Robertus
560 2557 616 2647 [de
630 2560 757 2626 Passele
771 2564 881 2627 tenuit
895 2560 950 2650 de]
972 2563 1160 2629 tenentibus
1174 2562 1343 2626 Edmuudi
1364 2559 1435 2650 [de]
1457 2558 1585 2625 Passele
1600 2560 1641 2623 de
1656 2558 1835 2623 hereditate

335 2644 480 2724 predicta
493 2646 519 2732 j.
534 2646 557 2713 f.
573 2651 609 2711 in
624 2648 755 2716 Busan.

334 2780 542 2955 cJc]>bauues
565 2782 596 2846 le
622 2783 747 2848 Paclrer
769 2786 880 2849 tenuit
906 2786 941 2850 in
965 2788 1060 2851 anuis
1085 2786 1239 2873 predictis
1254 2786 1295 2850 de
1326 2782 1488 2873 [predicte
1502 2781 1686 2848 hereditate
1701 2782 1746 2848 di.
1763 2781 1785 2847 t.
1800 2782 1834 2844 iu

362 2890 402 2933 aa
426 2890 546 2935 namn.

378 2980 521 3045 Andreae
536 2983 576 3045 de
591 2982 739 3047 Sekevile
754 2985 864 3048 tenuit
877 2986 913 3048 in
928 2987 1022 3051 annis
1049 2986 1206 3069 predictis
1230 2984 1271 3049 de
1298 2983 1414 3049 eadem
1436 2982 1623 3047 hereditate
1648 2980 1686 3069 ij.
1701 3000 1798 3065 perra
1810 2978 1832 3046 f.

334 3066 511 3132 Moritouie
526 3072 560 3133 in
576 3068 825 3158 Anusn[snun]
855 3119 1141 3139 ......

334 3288 352 3350 f
375 3198 547 3353 idipbaebs
561 3200 601 3266 de
616 3202 786 3289 Ponyuges
801 3208 911 3271 tenuit
926 3208 961 3271 in
976 3208 1070 3272 aunis
1084 3194 1240 3292 predictis
1252 3205 1293 3270 de
1304 3203 1490 3269 hereditate
1504 3201 1651 3286 predicta
1664 3201 1690 3288 j.
1703 3220 1833 3285 parvum

349 3308 407 3351 ‚m
451 3309 587 3355 nasson.

376 3426 561 3490 Willelmus
578 3424 711 3514 Mau[se
726 3431 838 3493 tenuit
851 3428 902 3518 iu]
923 3433 1018 3496 aunis
1033 3432 1189 3516 predictis
1204 3432 1243 3495 de
1259 3428 1440 3495 hereditate
1456 3426 1602 3511 predicte
1611 3424 1638 3511 j.
1654 3424 1678 3493 i.
1694 3430 1729 3491 et
1744 3424 1788 3490 di.
1799 3427 1832 3489 et

332 3513 487 3667 31213111311
489 3519 635 3668 effigi
633 3535 663 3596 J
680 3515 703 3581 f.
720 3536 765 3582 m.
782 3517 823 3581 de
838 3521 945 3602 parvis
960 3519 984 3585 t.
1001 3520 1168 3585 Mortouie
1182 3520 1217 3583 in
1235 3518 1504 3594 Omnrmcnsea,
1522 3515 1687 3593 Cortuosa,
1704 3512 1831 3590 Dauus,

375 3738 493 3800 Petrus
516 3739 557 3800 de
583 3738 685 3802 Pareo
710 3742 819 3804 tenuit
843 3741 879 3804 in
900 3745 997 3807 anuis
1022 3744 1178 3827 predictis
1203 3743 1244 3807 de
1269 3741 1453 3805 hereditate
1468 3738 1609 3823 predicti
1623 3734 1831 3825 F[r]aucisci

334 3828 397 3903 (ic.
413 3825 455 3888 ds
469 3825 641 3904 Aldeham)
660 3827 823 3912 quoddam
847 3837 1078 3895 tenementum
1103 3832 1138 3894 in
1165 3831 1369 3900 Gasnsruun
1385 3846 1440 3911 per
1454 3832 1579 3889 cartam
1598 3824 1776 3889 Batdewini
1790 3822 1831 3885 de

330 3912 501 3990 addebam,
515 3913 679 3977 reddendo
693 3914 771 3978 inde
784 3915 827 3980 ad
841 3938 1015 3982 commune
1030 3920 1216 4004 scutagium
1230 3924 1297 3982 tres
1311 3916 1461 3980 denarios
1476 3918 1619 3978 tautum.

373 4050 518 4113 Andreas
532 4051 572 4113 de
589 4049 738 4116 Sekevile
753 4056 864 4117 tenuit
877 4056 913 4118 in
927 4059 1023 4119 aunis
1038 4057 1194 4141 predictis
1210 4054 1252 4120 de
1268 4055 1402 4120 domino
1417 4072 1493 4139 rege
1520 4055 1559 4115 ut
1584 4050 1625 4114 de
1648 4047 1768 4151 bonore
1793 4047 1832 4109 de

331 4137 520 4290 gppglvsplevj
544 4155 643 4221 parva
672 4138 695 4203 f.
720 4140 884 4207 Mortonie
913 4144 950 4206 in
980 4144 1217 4214 Ommarou
1244 4147 1279 4208 et
1303 4141 1383 4207 alibi
1413 4141 1455 4205 de
1483 4138 1580 4203 feodo
1605 4134 1769 4201 Gurdonrs
1793 4134 1832 4197 de

377 4337 562 4400 willelmus
590 4337 706 4402 Mance
736 4341 845 4406 tenuit
876 4342 916 4407 de
945 4344 1060 4409 eodem
1089 4345 1209 4408 bonore
1239 4344 1274 4407 in
1303 4342 1399 4407 annis
1428 4338 1586 4424 predictis
1615 4335 1652 4423 ij.
1727 4356 1783 4398 rsa
1808 4334 1830 4401 i.

333 4424 497 4487 Mortcuie
512 4426 546 4487 in
559 4424 765 4505 Eccnmnorr,
777 4428 997 4511 Hsnruosns,
1010 4432 1186 4511 Msnusra,
1197 4432 1346 4509 Hossrs,
1360 4430 1585 4505 Huaasnonn,
1595 4424 1671 4490 Buo
1694 4418 1831 4507 onusr],

333 4512 649 4591 Haocuuoswoann,
663 4534 727 4597 qus
741 4513 876 4579 fuerunt
892 4518 1052 4582 Willelmi
1066 4519 1108 4582 de
1129 4514 1342 4606 [Engeltel]d
1358 4523 1393 4581 et
1409 4514 1554 4577 Walrani
1569 4512 1704 4613 ticum
1720 4516 1756 4572 st
1770 4528 1831 4571 uon

332 4600 403 4681 plus
419 4600 472 4660 hic
487 4601 564 4682 quia
578 4601 715 4663 tercium
731 4602 753 4666 f.
769 4610 820 4665 est
835 4606 923 4687 apud
940 4606 1147 4673 Husuuauon
1161 4608 1197 4669 iu
1212 4606 1373 4669 comitatu
1389 4601 1638 4666 Norbamtoure.

377 4732 560 4794 wilielmus
574 4731 615 4795 de
631 4732 838 4819 Ecbiugbam
854 4740 964 4802 tenuit
985 4738 1124 4827 [eisdem
1138 4734 1354 4824 temporibus]
1375 4736 1441 4801 duo
1456 4754 1554 4819 parve
1568 4732 1591 4799 f.
1607 4730 1783 4795 Moritonie
1798 4730 1830 4790 in

332 4820 493 4885 Punsoos
509 4827 544 4882 et
560 4820 704 4888 Racros.

373 4956 516 5018 Andreas
542 4918 674 5021 Pevsrel
700 4960 810 5023 tenuit
833 4960 958 5026 eisdem
974 4964 1208 5048 temporibus.
1254 5011 1263 5029 .
1310 5010 1318 5027 .
1366 5010 1375 5027 .
1422 5009 1431 5027 .
1478 4960 1546 5022 :in
1561 4958 1828 5024 Buuuumranrou

328 5048 364 5106 et
378 5045 633 5111 Ansmcussnon
649 5045 689 5109 de
704 5046 771 5110 illis
786 5053 926 5131 quatuor
941 5052 963 5115 f.
979 5071 1043 5135 que
1057 5052 1221 5135 quondam
1237 5050 1375 5115 fuerunt
1390 5047 1527 5111 Haurici
1541 5044 1583 5109 de
1599 5041 1784 5107 Hertefeld.

372 5180 459 5241 Item
474 5180 588 5245 dicunt
604 5183 691 5265 qnod
712 5180 888 5271 [Robertus
902 5187 944 5251 de
960 5187 1057 5252 Brom
1072 5190 1181 5253 tenuit
1195 5181 1338 5273 eisdem]
1359 5180 1564 5267 temporibus
1580 5183 1617 5243 et
1631 5198 1720 5242 nuuc
1743 5181 1829 5241 tenet

329 5266 351 5327 J
352 5264 494 5329 ohannes
508 5268 549 5330 de
565 5266 673 5348 Brom,
688 5270 775 5335 fitius
789 5278 823 5336 et
839 5273 931 5337 beres
945 5276 1047 5358 ipsius
1062 5276 1210 5354 Roberti,
1220 5273 1261 5339 de
1276 5274 1389 5337 eodem
1404 5268 1524 5332 bonore
1540 5270 1690 5351 quartam
1706 5270 1828 5349 partem

331 5361 366 5415 et
379 5360 526 5416 octavam
541 5361 668 5460 partem
684 5359 708 5441 j.
726 5358 749 5423 f.
766 5360 806 5422 de
827 5358 1000 5447 [predictis
1014 5362 1077 5448 iiij.
1093 5363 1117 5428 f.
1134 5366 1169 5426 in
1186 5359 1426 5445 Hnajrnrsun.

801 5496 868 5503 ——.
916 5496 1233 5506 .———...-.—.
1290 5478 1831 5501 —.---.-—..-.—--—...-0--—a-‘·

992 5560 1179 5628 ’Boeprdm
