4092 6117
870 554 949 620 Ab.
975 557 1070 623 1346.
1482 600 1490 616 ·
1673 558 1713 621 81

258 841 433 908 Nioholaus
458 843 587 930 Pykard
610 849 646 909 et
669 849 818 909 tenentes
844 846 897 909 sui
922 851 1039 911 tenant
1064 848 1098 910 in
1126 848 1222 913 Rnnn
1249 851 1400 931 quartam
1426 852 1551 932 partem
1573 847 1598 912 i.
1614 867 1660 914 m.
1676 849 1717 912 de

216 929 350 1081 3ξὲὶὶιὲ
363 931 654 1085 (iieegbgrlsslegbgm
676 933 759 1017 quod
776 932 941 1011 Jobannes
955 934 1085 1017 Pykard
1099 935 1261 1017 quondam
1278 936 1385 999 tenuit
1400 937 1435 998 in
1451 936 1566 999 eadem
1582 935 1660 999 villa
1674 935 1715 999 de

260 1153 437 1218 Nicbolaus
461 1154 590 1239 Pykard
613 1162 648 1221 et
674 1163 824 1221 tenentes
849 1159 900 1221 sui
925 1162 1042 1221 tenent
1067 1158 1102 1222 in
1126 1159 1224 1224 Rana
1249 1162 1398 1241 quartam
1423 1164 1548 1242 partem
1575 1160 1598 1224 f.
1614 1180 1660 1225 m.
1676 1158 1716 1222 de

216 1241 636 1395 gligssrliglgqigffiztsbam
660 1245 746 1329 qnod
768 1242 933 1309 Johannes
959 1244 1089 1330 Pykard
1106 1245 1268 1331 qnondam
1284 1248 1390 1309 tenuit
1406 1247 1439 1309 in
1455 1247 1567 1311 eadem
1583 1246 1661 1310 villa
1674 1245 1716 1309 de

261 1465 441 1531 Alexander
455 1467 498 1531 de
516 1466 679 1532 Walsbam
693 1474 727 1533 et·
741 1471 891 1533 tenentes
907 1470 958 1532 sui
972 1475 1089 1533 tenent
1101 1471 1135 1533 in
1152 1471 1247 1536 Rana
1263 1475 1411 1554 quartam
1437 1475 1564 1554 partem
1589 1470 1613 1556 j.
1629 1471 1653 1535 f.
1668 1491 1714 1535 m.

216 1552 610 1706 Sieofflffiiffloumme
625 1556 712 1641 quod
727 1555 756 1618 N
759 1554 904 1619 icholaue
918 1557 959 1619 de
973 1555 1064 1621 Rede
1085 1558 1247 1640 quondam
1270 1560 1379 1622 tenuit
1403 1558 1438 1620 in
1453 1558 1567 1620 eadem
1582 1557 1661 1621 villa
1675 1558 1716 1621 de

262 1774 400 1841 Thomas
423 1778 463 1841 de
492 1777 636 1842 Ikworth
661 1785 697 1844 et
719 1746 897 1865 parcenarii
921 1781 971 1844 sni
996 1785 1114 1844 tenent
1132 1783 1174 1843 in
1201 1781 1357 1847 Inuonan
1378 1782 1407 1865 j.
1423 1781 1445 1845 f.
1461 1801 1506 1846 m.
1531 1780 1570 1845 de
1598 1780 1716 1845 abbate

218 1864 520 2019 {acratsstssbfflffiundi
543 1866 630 1951 quod
655 1866 795 1931 Thomas
820 1867 860 1933 de
887 1866 1029 1932 Ikworth
1046 1873 1081 1931 et
1096 1868 1195 1932 multi
1209 1868 1267 1932 alii
1283 1869 1446 1954 quondam
1461 1870 1570 1932 tenuit
1590 1871 1658 1947 (sic)
1676 1868 1718 1931 de

261 2086 420 2152 Robertus
443 2090 483 2153 de
507 2089 721 2174 Brockelegh,
747 2090 910 2155 chricus
935 2090 1165 2176 Blaunkpayn,
1179 2097 1213 2155 et
1239 2094 1419 2175 parcenarii
1446 2092 1495 2155 cui
1510 2098 1627 2155 tenent
1640 2111 1716 2155 cum

218 2177 414 2258 parcenariis
442 2178 508 2239 suis
530 2182 645 2242 tenent
672 2181 739 2257 (sic)
766 2179 801 2241 in
826 2179 1143 2245 Hoauruoiesnanna
1167 2180 1289 2245 bissus
1303 2179 1372 2264 viij.
1388 2185 1515 2263 partem
1530 2182 1553 2243 f.
1569 2200 1614 2246 m.
1631 2179 1716 2263 quod

219 2260 377 2326 Robertns
392 2263 432 2327 de
448 2263 596 2328 Neketon
611 2266 775 2349 quondam
790 2268 900 2329 tenuit
915 2267 949 2329 in
966 2265 1080 2328 eadem
1096 2266 1174 2329 villa
1188 2265 1229 2331 do
1244 2264 1369 2329 Thoma
1383 2268 1423 2330 de
1438 2266 1593 2331 Ikwortb.

261 2404 424 2469 Jobannes
446 2411 516 2471 atie
543 2407 661 2493 Haghe
687 2414 777 2474 tenet
801 2412 835 2473 in
862 2411 1018 2477 Iawonnn
1033 2431 1107 2474 cum
1135 2411 1329 2495 paroenariis
1345 2414 1412 2475 suis
1427 2416 1574 2474 octavam
1589 2416 1716 2493 partem

218 2493 242 2580 j.
267 2494 290 2556 f.
313 2514 358 2559 m.
386 2493 427 2557 de
453 2493 577 2558 Thoma
603 2497 643 2559 de
669 2496 832 2560 lkwortbe
860 2497 946 2583 quod
975 2496 1136 2562 Robertm
1165 2503 1234 2562 atte
1262 2498 1378 2582 Haghe
1403 2503 1437 2561 et
1461 2498 1640 2581 parcenarii
1665 2500 1717 2560 sui

218 2581 380 2697 qnondam
394 2586 571 2646 tennerunt
585 2583 625 2648 de
640 2584 728 2647 dicta
742 2583 875 2649 Thoma.

261 2718 433 2804 Philippus
459 2721 498 2784 de
525 2720 662 2805 Clopton
686 2728 779 2787 tenet
802 2724 835 2786 in
852 2723 1187 2789 Hoauruonssaarna
1203 2724 1312 2788 Psavs
1325 2735 1475 2806 quartam
1490 2726 1616 2805 partem
1631 2722 1654 2786 f.
1669 2742 1715 2788 m.

216 2805 387 2960 ξζὴῖὶέξεῐθ
401 2808 512 2872 Sancti
529 2808 697 2873 Edmundi
713 2810 800 2893 quod
816 2809 982 2874 Johannes
997 2812 1039 2874 de
1055 2810 1222 2893 Helegeye
1244 2811 1406 2894 qnondam
1431 2810 1541 2873 tenuit
1564 2810 1605 2872 de
1630 2810 1718 2873 dicto

261 3028 424 3094 Jobannes
439 3028 559 3115 Costyn
574 3036 668 3096 tenet
681 3033 716 3095 in
731 3032 843 3096 eadem
858 3032 936 3095 villa
950 3038 1100 3118 quartam
1126 3038 1253 3117 partem
1271 3032 1299 3116 j.
1315 3032 1338 3097 f.
1355 3054 1400 3098 m.
1416 3033 1456 3095 de
1470 3031 1588 3097 abbate
1603 3031 1717 3096 Sancti

217 3116 381 3181 Edmundi
395 3118 480 3201 quod
497 3118 670 3183 Nicbolaus
684 3126 753 3183 atte
770 3118 939 3184 Gestballe
955 3121 1118 3205 quondam
1133 3121 1242 3185 tenuit
1256 3122 1296 3183 de
1312 3120 1400 3184 dicto
1414 3119 1543 3186 abbate.

261 3265 401 3330 Domina
427 3268 527 3329 Lucia
553 3266 594 3331 de
620 3266 729 3353 Rysby
744 3272 777 3331 et
804 3274 950 3332 tenentes
974 3269 1024 3330 sui
1051 3273 1166 3331 tenent
1190 3270 1224 3330 in
1254 3267 1390 3335 Saxnsu
1405 3267 1428 3352 j.
1445 3268 1467 3332 f.
1485 3288 1530 3332 m.
1545 3266 1586 3329 de
1601 3265 1718 3330 abbate

217 3351 330 3416 Sancti
344 3352 509 3417 Edmundi
523 3354 609 3418 unde
622 3355 709 3417 idem
724 3354 823 3421 abbas
837 3360 929 3419 tenet
944 3363 1068 3418 sextam
1085 3359 1213 3439 partem
1228 3354 1376 3440 ejusdem
1391 3355 1415 3420 f.
1427 3353 1511 3438 quod
1528 3350 1719 3435 Radulphua

217 3440 256 3503 de
272 3438 412 3504 Sarbam
425 3448 459 3506 et
474 3442 651 3525 parcenarii
668 3443 717 3505 sui
732 3442 897 3525 quondam
913 3448 1091 3505 tennerunt
1105 3443 1140 3503 in
1155 3441 1268 3505 eadem
1284 3440 1362 3503 villa
1376 3440 1417 3503 de
1433 3440 1522 3504 dicto
1536 3438 1665 3504 abbate.

262 3587 412 3651 Jobanna
432 3589 564 3673 Martyn
588 3595 622 3653 et
638 3594 788 3654 tenentes
804 3590 853 3653 sui
868 3592 982 3654 tenent
996 3590 1032 3652 in
1048 3590 1158 3655 Rasna
1177 3588 1204 3672 j.
1222 3588 1244 3652 f.
1260 3607 1305 3652 m.
1324 3587 1365 3649 de
1388 3585 1508 3649 comite
1533 3584 1719 3647 lancastrie

219 3674 551 3828 ἓιὲῖἶήῗοὲθετὲιίἓηῗ
572 3676 715 3742 Bretoun
738 3681 773 3741 et
797 3676 894 3741 multi
918 3678 975 3740 alii
1000 3676 1161 3761 qnondam
1188 3679 1367 3738 tennerunt
1392 3674 1427 3736 in
1449 3670 1562 3735 eadem
1587 3670 1664 3734 villa
1679 3671 1719 3734 de

262 3899 424 3965 Robertns
447 3901 555 3965 Houel
577 3907 612 3965 et
636 3904 784 3965 tenentes
811 3903 861 3965 sui
888 3906 1003 3965 tenent
1028 3902 1062 3963 in
1090 3902 1192 3966 R1snn
1216 3899 1261 3963 di.
1284 3897 1307 3960 f.
1330 3918 1375 3962 m.
1398 3895 1439 3959 dc
1463 3894 1579 3957 abbate
1606 3892 1719 3957 Sancti

219 3985 384 4138 {3533}
410 3988 495 4072 quod
512 3988 662 4052 Alianora
684 3989 790 4053 Houcl
817 3989 980 4075 quondam
1006 3989 1114 4052 tenuit
1138 3987 1172 4051 in
1199 3987 1314 4049 eadem
1329 3984 1406 4048 villa
1419 3982 1461 4047 de
1476 3981 1592 4045 abbate
1608 3980 1720 4045 Sancti

262 4210 460 4277 Laurencius
484 4212 525 4275 de
551 4212 761 4299 Hastyngges
788 4218 881 4276 tenet
904 4214 938 4275 in
953 4214 1142 4281 Wnscnnna
1165 4210 1210 4275 di.
1226 4211 1250 4275 f.
1267 4231 1311 4275 m.
1328 4209 1370 4272 de
1384 4207 1503 4269 comite
1519 4205 1723 4269 Gloucestrie

218 4299 304 4382 quod
319 4298 497 4363 Adomerus
510 4300 551 4363 de
565 4300 687 4364 Valens
702 4300 863 4385 quondam
879 4301 987 4365 tenuit
1000 4300 1036 4362 in
1051 4298 1164 4362 eadem
1179 4297 1256 4360 villa
1269 4297 1310 4359 de
1326 4295 1447 4359 comite
1462 4293 1675 4358 Gloucestrie.

261 4446 415 4524 Ricardns
440 4448 526 4514 filins
551 4450 692 4515 Simonis
716 4457 808 4514 tenet
830 4451 865 4514 in
889 4450 1051 4516 anuaou
1076 4449 1204 4511 racione
1230 4446 1337 4509 uxoris
1353 4464 1410 4506 sne
1425 4446 1575 4528 quartam
1591 4444 1721 4525 partem

213 4533 241 4618 j.
257 4534 281 4599 f.
298 4556 343 4601 m.
359 4536 446 4619 quod
463 4538 560 4623 Hugo
574 4538 615 4602 de
631 4538 749 4603 Sancto
763 4537 945 4601 Philiberto
960 4536 1124 4622 quondam
1140 4534 1251 4597 tenuit
1265 4532 1306 4595 de
1320 4530 1446 4594 Thoma
1461 4530 1501 4592 de
1517 4528 1672 4593 Ikwortb.

263 4688 453 4753 Edmundus
467 4688 507 4753 de
522 4691 668 4777 Wauncy
683 4696 717 4755 et
741 4696 891 4755 tenentes
917 4690 967 4753 sai
995 4694 1109 4753 tenent
1136 4689 1172 4751 in
1196 4687 1380 4751 Hansannn
1403 4682 1428 4767 j.
1445 4682 1469 4747 f.
1486 4702 1531 4746 m.
1548 4678 1587 4743 de
1605 4677 1724 4743 abbate

219 4775 330 4841 Sancti
346 4778 513 4841 Edmundi
527 4778 614 4862 quod
629 4778 815 4842 Willelmus
829 4775 1004 4841 Talmache
1019 4776 1183 4860 qnondam
1199 4773 1308 4837 tenuit
1323 4771 1365 4835 de
1379 4770 1468 4832 dicto
1483 4767 1613 4831 abbate.

262 4920 362 5007 Hugo
376 4923 406 4986 le
420 4922 600 5007 Desponser
613 4930 648 4988 et
661 4930 812 4989 tenentes
835 4924 887 4988 sui
908 4927 1026 4987 tenent
1049 4923 1084 4985 in
1109 4921 1232 4987 Bsnwn
1255 4919 1280 5004 j.
1297 4919 1321 4983 f.
1337 4938 1383 4981 m.
1400 4921 1435 4978 et
1449 4913 1494 4978 di.
1511 4916 1619 4997 quart.
1632 4910 1661 5011 ιἰ.
1678 4930 1723 4975 m.

217 5008 620 5164 ggmffffirgfflgficgllo
645 5012 687 5076 de
712 5012 736 5100 j.
753 5013 775 5078 f.
792 5017 826 5076 et
840 5011 885 5076 di.
902 5008 987 5095 quod
1015 5008 1176 5072 Katerina
1200 5004 1328 5071 Giffard
1354 5001 1519 5088 quondam
1546 5001 1658 5062 tenuit
1685 4997 1739 5085 de·

262 5244 438 5309 Edwardus
453 5245 493 5309 de
509 5244 675 5333 Gretyngg
689 5251 723 5310 et
739 5244 904 5329 Hawysia,
917 5262 997 5305 uxor
1013 5240 1162 5326 Philippi
1176 5241 1218 5306 de
1233 5237 1410 5323 bbetyngg,
1425 5232 1594 5298 tenentia
1608 5228 1724 5293 eadem

217 5331 296 5396 villa
310 5338 461 5416 quartam
476 5340 604 5418 partem
620 5348 654 5398 et
669 5334 715 5399 di.
732 5340 835 5418 quart.
852 5330 933 5397 dicti
947 5329 971 5393 f.
987 5334 1021 5393 et
1035 5328 1082 5397 di.

283 5467 346 5523 ⁶981
1635 5455 1659 5507 li
