4092 6117
924 579 1007 643 Al).
1033 581 1127 643 1428.
1715 576 1778 643 269

319 858 473 924 Ricardus
498 862 626 946 Dyxtcn
653 871 744 930 tenet
772 868 954 933 inmediate
979 869 1020 932 de
1049 869 1168 932 honore
1195 868 1234 931 de
1262 867 1474 954 Welynglord
1503 875 1591 930 certa
1613 871 1715 930 terras
1745 873 1778 928 et

274 950 479 1116 {effigiamus
491 951 534 1102 ip1
552 951 704 1031 Minucii,
721 976 784 1039 qne
809 977 914 1039 nuper
938 957 1071 1020 luerunt
1097 957 1233 1021 Roberti
1250 955 1387 1034 Russell,
1405 976 1461 1038 per
1475 957 1648 1018 servicium
1662 960 1778 1037 quarte

319 1186 483 1254 Jobennee
498 1192 610 1276 Moru,
626 1193 777 1274 chivaler‚
794 1203 830 1260 et
854 1196 1022 1260 Gallridns
1052 1195 1219 1260 Casterton
1247 1199 1361 1258 tenent
1388 1195 1576 1273 inmediate,
1594 1195 1633 1258 de
1649 1215 1712 1277 quo
1728 1193 1778 1257 vel

275 1275 315 1338 de
331 1277 448 1362 quibus
463 1282 625 1363 ignorant,
643 1287 731 1345 certa
746 1288 848 1345 terras
862 1294 894 1344 et
911 1292 1109 1361 reuomente,
1125 1305 1186 1366 qne
1210 1303 1311 1365 nuper
1333 1283 1464 1346 luerunt
1480 1281 1613 1345 Roberti
1629 1281 1778 1346 Seleman

276 1375 309 1426 et
325 1363 466 1428 Galfridi
483 1369 649 1431 Custerton
666 1371 701 1432 in
716 1369 950 1449 Bromium,
968 1392 1026 1456 per
1041 1373 1211 1434 servicium
1226 1392 1283 1435 rin.
1300 1368 1322 1434 i.
1339 1391 1384 1436 m.

319 1525 411 1588 Prior
447 1525 566 1592 Sancte
597 1530 782 1615 Margarete
818 1533 859 1594 de
896 1531 1117 1617 Marleburgh,
1157 1537 1191 1595 et
1231 1529 1413 1594 Willelmus
1451 1527 1619 1593 Dunersbe
1661 1535 1780 1592 tenerit

277 1614 454 1677 inmeditate
488 1617 529 1678 de
559 1616 675 1681 abbate
706 1617 875 1681 Glastonie
914 1628 1001 1682 certa
1038 1627 1139 1682 terras
1176 1626 1213 1682 et
1247 1626 1437 1681 tenementa
1474 1619 1508 1679 in
1540 1617 1778 1684 Wininiiiiiiuiv

277 1701 498 1780 Mouneoeuii,
515 1723 578 1788 que
592 1724 695 1788 nuper
711 1705 844 1769 suerunt
859 1706 994 1792 Georgii
1010 1707 1051 1769 de
1068 1707 1099 1768 la
1117 1707 1215 1784 Mare,
1232 1726 1290 1789 per
1306 1706 1476 1768 servicium
1492 1705 1536 1769 di.
1553 1705 1574 1768 f.
1592 1726 1637 1770 m.

318 1865 483 1930 Joliannes
501 1865 677 1950 Wroghton
694 1873 787 1932 tenet
803 1870 983 1934 inmediate
998 1871 1039 1932 de
1054 1867 1216 1948 Jobanna,
1232 1869 1345 1953 regine
1361 1855 1490 1951 An'glie,
1506 1871 1596 1930 certe
1618 1871 1721 1930 terras
1743 1872 1777 1930 et

275 1961 465 2016 tenementn
489 1955 522 2015 in
550 1956 692 2021 Hnivrou
718 1957 1009 2040 communiterque
1034 1977 1137 2039 nuper
1160 1957 1292 2018 fuerunt
1319 1952 1479 2018 ‚lobannis
1495 1955 1534 2016 de
1551 1949 1704 2031 cobbem,
1722 1973 1779 2037 per

277 2042 449 2104 servicium
465 2040 603 2104 duorum
619 2041 642 2107 f.
660 2065 706 2108 iri.
949 2081 953 2088 ·

204 2244 209 2253 .
322 2194 412 2257 ldem
427 2194 593 2259 Jobannes
609 2201 702 2258 tenet
717 2196 896 2260 inmediate
912 2200 952 2261 de
967 2197 1139 2260 heredibus
1154 2197 1286 2260 comitis
1304 2195 1478 2260 Heifordie
1503 2201 1592 2257 certe
1617 2205 1719 2256 terras
1745 2202 1779 2256 et

276 2288 466 2345 tenementa
495 2283 703 2430 ianENTON
734 2283 843 2361 ivus,
875 2306 938 2369 que
969 2305 1074 2368 nuper
1103 2286 1237 2347 luerunt
1272 2282 1437 2346 Jobsnnes
1473 2284 1541 2360 (sic)
1579 2281 1683 2358 Waus,
1721 2301 1778 2364 per

275 2390 447 2434 servicium
462 2389 519 2434 un.
552 2392 621 2435 .m.
1048 2427 1051 2436 .

318 2516 483 2582 Johaunes
514 2517 694 2601 Nevvburgb
726 2524 818 2583 tenet
846 2521 1030 2585 inmediute
1059 2521 1099 2584 de
1129 2523 1249 2584 comite
1280 2518 1473 2596 Seiieburie,
1500 2522 1716 2580 eertn'terras
1745 2522 1778 2580 et

275 2613 463 2669 tenemento
475 2608 510 2669 in
527 2607 674 2685 Roseus,
691 2627 753 2690 qne
768 2627 873 2690 nuper
889 2607 1024 2671 fuerunt
1040 2607 1177 2672 Roberti
1193 2607 1332 2684 llussess,
1350 2628 1405 2690 pei
1429 2605 1603 2668 servicium
1618 2624 1674 2669 un.
1691 2603 1714 2670 f.
1730 2626 1776 2670 m.

320 2766 500 2831 Willelmus
515 2766 689 2845 Botrenux,
706 2766 861 2845 chivaler‚
877 2775 911 2831 et
937 2767 1079 2831 Thomas
1104 2768 1199 2831 Helle
1223 2773 1342 2832 tenent
1366 2766 1546 2830 inmediate
1560 2766 1599 2830 de
1616 2765 1779 2830 Willelmo

275 2853 391 2917 Paltoii
406 2857 442 2917 in
458 2855 620 2922 Oiiiiiiiiiin
643 2854 760 2921 Mursii
782 2861 873 2918 certa
887 2864 988 2918 terrai
1001 2865 1037 2918 et
1053 2863 1251 2933 tenemento,
1264 2877 1325 2939 que
1340 2875 1444 2939 nuper
1459 2855 1595 2918 luerunt
1619 2854 1779 2918 Johannis

275 2941 498 3025 Wynebestre,
512 2962 570 3024 per
585 2943 756 3006 servicium
772 2944 817 3007 di.
835 2943 858 3005 l.
874 2964 918 3007 m.

317 3095 458 3159 Thomas
473 3095 574 3159 Blalie
589 3101 681 3160 tenet
694 3097 873 3161 inmediete
888 3099 930 3161 de
948 3096 1114 3162 Willelmo
1130 3096 1249 3162 Pallon
1266 3103 1354 3161 certa
1368 3104 1469 3161 terras
1484 3101 1518 3160 et
1535 3101 1723 3159 tenementa
1744 3096 1778 3158 iii

275 3183 592 3356 (llllpiaiirppipppsspllsirpisliIi
617 3205 678 3268 qne
700 3205 805 3268 nuper
831 3185 968 3249 suerunt
993 3184 1120 3250 Thome
1144 3185 1185 3248 de
1217 3185 1338 3252 Sancto
1363 3185 1490 3261 Mauro,
1521 3203 1579 3267 per
1607 3183 1777 3247 servicium

317 3419 477 3483 Robertus
492 3418 594 3482 Blelie
610 3426 701 3482 tenet
715 3421 907 3497 inmediate,
923 3421 964 3485 de
980 3441 1045 3506 qno
1061 3422 1111 3485 vel
1127 3423 1167 3484 de
1189 3420 1307 3504 quibus
1330 3421 1481 3504 ignorant
1505 3423 1592 3482 certe
1619 3423 1719 3482 terras
1744 3427 1779 3481 et

273 3506 656 3680 giiiitzepliitiilsialffl’
672 3528 735 3591 que
759 3528 864 3590 nuper
888 3509 1025 3572 luerunt
1047 3508 1068 3571 J
1072 3510 1209 3572 ohannis
1224 3510 1265 3572 de
1281 3508 1508 3591 Haidyngton,
1524 3526 1579 3590 per
1606 3505 1778 3568 servicium

317 3747 482 3813 Jobaunee
508 3746 604 3810 Cleve
631 3757 726 3812 tenet
748 3749 931 3814 inmediete
946 3751 985 3814 de
1001 3750 1162 3828 Johenna,
1177 3751 1290 3834 regina
1307 3748 1436 3833 Anglie,
1452 3753 1491 3808 ut
1505 3746 1546 3809 de
1562 3745 1710 3808 manerio
1724 3765 1780 3809 suo

273 3835 312 3902 de
328 3834 532 3918 Hampstede
549 3833 714 3913 Marchell,
730 3843 820 3899 certa
845 3846 949 3901 terres
974 3846 1009 3900 et
1033 3845 1228 3901 tenemento
1254 3841 1289 3900 in
1317 3837 1567 3912 Riciiinasion,
1595 3854 1657 3916 que
1673 3852 1778 3916 nuper

274 3923 407 3987 inerunt
422 3918 587 4004 Radulphi
602 3921 753 4005 Maudyt,
769 3944 824 4007 pei
840 3926 1012 3988 servicium
1029 3935 1143 4011 quarte
1160 3924 1263 4009 pertis
1279 3945 1334 3988 un.
1351 3925 1373 3988 f.
1390 3944 1435 3987 m.

317 4081 480 4145 Walterns
505 4080 724 4164 Huugerford,
749 4079 903 4160 chivaler,
927 4084 1080 4147 dominus
1108 4082 1330 4170 Hungerford‚
1354 4091 1386 4146 et
1411 4083 1513 4146 ceteri
1540 4080 1670 4144 leoffeti
1686 4081 1778 4144 ducis

275 4170 421 4247 Eboraci,
438 4176 552 4232 tenent
568 4168 747 4232 inmediate
763 4169 804 4232 de
819 4191 893 4256 rege
908 4173 964 4236 ic.
981 4177 1072 4234 certa
1098 4177 1199 4235 terras
1223 4179 1258 4234 et
1286 4176 1474 4233 tenementis
1488 4169 1522 4230 in
1538 4169 1777 4236 ervuiiiiiiuirri

275 4257 412 4334 Bassai,
429 4275 492 4340 que
507 4275 611 4339 nuper
626 4256 757 4319 fuerunt
775 4256 936 4337 Edwardi,
953 4259 1046 4322 ducis
1063 4259 1210 4337 Eboraci,
1227 4278 1285 4342 per
1301 4257 1475 4320 servicium
1491 4257 1537 4321 di.
1554 4255 1578 4321 l.
1595 4277 1640 4321 m.

318 4420 410 4484 Prior
436 4420 554 4484 Sancte
580 4421 764 4506 Margarete
791 4424 825 4485 in
852 4424 1064 4511 Marleburgb
1092 4433 1185 4490 tenet
1212 4425 1391 4489 inmediata
1407 4421 1448 4486 de
1463 4421 1586 4484 Milone
1602 4419 1777 4503 Stapulton

275 4515 362 4571 certa
383 4517 488 4571 terras
511 4518 546 4571 et
572 4516 768 4588 tenementa,
793 4531 857 4593 que
879 4532 984 4596 nuper
1007 4512 1143 4578 fuerunt
1166 4513 1239 4576 Elie
1264 4511 1377 4596 Spylly
1393 4513 1429 4574 in
1452 4510 1522 4576 Ilei
1546 4509 1696 4588 itarius,
1720 4527 1778 4591 per

275 4595 445 4659 servicium
460 4601 574 4679 quarte
589 4600 691 4680 partis
706 4617 763 4660 un.
780 4598 804 4664 f.
821 4619 867 4664 m.

317 4746 479 4810 Walterus
493 4747 711 4830 Hungeriord,
728 4748 882 4831 chivaler,
900 4753 1053 4816 dominus
1071 4752 1293 4836 Hungerford,
1310 4759 1348 4814 et
1372 4749 1472 4814 ceteri
1499 4747 1622 4811 feoffati
1652 4747 1778 4810 domini

273 4835 360 4919 regis
375 4834 511 4897 Henrici
533 4855 636 4917 nuper
657 4840 744 4920 regis
762 4838 880 4918 Anglie
903 4841 1007 4922 patris
1033 4841 1159 4904 domini
1185 4840 1271 4924 regis
1296 4858 1395 4915 nunc,
1411 4843 1527 4900 tenent
1541 4835 1721 4898 inmediate
1737 4834 1778 4898 de

273 4920 510 5072 ‹sipppiipipupegp
536 4926 725 5074 pupperinm
754 4926 795 4988 de
826 4929 1023 5006 Annaeum,
1055 4929 1142 5011 quod
1173 4942 1225 4991 est
1254 4928 1295 4990 de
1331 4926 1453 4989 duoiu
1491 4923 1688 5002 Leucastrie,
1719 4941 1777 5004 per

316 5158 493 5240 lohannes,
508 5161 574 5223 dnx
590 5160 773 5240 Bedlordie,
789 5173 882 5230 tenet
896 5168 1080 5232 inmediate
1096 5166 1240 5230 maneria
1256 5165 1296 5228 de
1314 5163 1475 5230 Onnnuiiu
1498 5160 1617 5228 Seueri
1632 5157 1777 5226 Genucii

273 5251 307 5307 et
322 5245 485 5312 Oirnnuiin
501 5247 621 5314 Sinuri
637 5251 788 5329 Annaea,
804 5273 866 5338 que
887 5262 964 5317 suut
988 5255 1128 5337 parcelle
1155 5255 1317 5338 prioratus
1342 5251 1382 5312 de
1407 5246 1561 5312 Okeburn
1587 5247 1777 5330 alienigeni,
1853 5291 1864 5324 ,

274 5351 332 5413 pro
346 5333 463 5416 quibus
478 5335 575 5398 solvit
589 5335 742 5419 decimas,
758 5342 888 5428 quando
903 5342 1031 5409 decime
1047 5357 1191 5406 currunt.
