4092 6117
345 562 387 627 94
945 582 950 589 ·
992 560 1211 631 SUFFOLK.

385 851 551 917 lohannes
564 852 606 917 de
619 852 782 937 Norwyoo,
795 850 937 941 [racione
951 854 1086 917 minoris
1102 853 1199 917 etatis
1214 852 1385 931 Johanuis,
1402 851 1461 918 filii
1476 858 1510 917 et
1525 851 1652 919 heredis
1666 852 1789 918 'l'home
1802 854 1838 918 de

343 938 526 1026 Ulviston]‚
544 946 580 1004 et
596 940 734 1025 rigueto,
751 962 814 1027 que
829 940 895 1005 fuit
918 962 998 1005 uxor
1019 940 1182 1005 Leonardi
1206 940 1247 1005 de
1274 939 1439 1020 Ulviston,
1456 946 1569 1005 teuent
1589 941 1617 1026 j.
1634 948 1742 1026 quart.
1758 940 1781 1007 i.
1796 962 1838 1009 m.

350 1024 400 1113 [in
416 1026 592 1115 Parmos]
613 1028 652 1092 de
666 1028 761 1091 feodo
782 1026 955 1117 [Pecche],
970 1029 1056 1112 quod
1072 1026 1239 1092 Johannes
1254 1029 1294 1092 de
1311 1026 1514 1092 Underwode
1529 1048 1638 1112 nuper
1652 1030 1773 1093 tenuit.

385 1162 492 1227 Abbas
507 1164 547 1228 de
563 1164 703 1243 Leyston
720 1169 814 1228 tenet
827 1166 861 1226 in
884 1159 1077 1252 [Priansos]
1098 1164 1142 1229 di.
1158 1164 1182 1229 f.
1199 1186 1244 1231 m.
1262 1164 1303 1227 de
1318 1164 1468 1229 Johaune
1484 1164 1525 1228 de
1540 1164 1704 1248 Norwyw,
1729 1170 1765 1229 et
1784 1164 1837 1229 ille

341 1249 382 1313 de
396 1270 482 1334 rege,
498 1251 584 1335 quod
599 1251 696 1315 abbas
710 1252 751 1313 de
769 1251 914 1329 Leiston,
927 1252 1113 1330 defunctus,
1130 1257 1165 1316 et
1179 1252 1237 1315 alii
1252 1271 1357 1335 nuper
1374 1258 1559 1317 tenuerunt.

393 1385 592 1474 [Margareta
628 1387 669 1451 de
706 1388 867 1468 Kentone‚
905 1386 1049 1477 Agneta]
1093 1387 1207 1467 alfled,
1248 1385 1453 1451 'lheobaldus
1502 1388 1635 1467 Osbern,
1686 1388 1838 1453 Robertus

343 1472 543 1557 Capellauus,
560 1474 718 1539 Ricardus
733 1474 907 1558 Colsweyn,
922 1475 1068 1558 Rogerus
1083 1475 1124 1540 de
1140 1474 1320 1557 Hampton‚
1336 1474 1472 1539 Mabilla
1486 1474 1518 1539 le
1533 1474 1638 1555 Child,
1649 1476 1775 1539 Amicis
1788 1475 1836 1538 dcl

348 1558 445 1651 soen,
460 1563 548 1645 prior
561 1561 602 1625 de
619 1561 763 1641 Buttele‚
780 1567 814 1625 et
829 1562 946 1626 Petrus
961 1559 1083 1650 Cobbe]
1105 1567 1218 1626 tenent
1235 1564 1270 1625 in
1286 1562 1401 1628 Tirone
1416 1568 1566 1645 quartam
1581 1570 1709 1645 partem
1720 1562 1748 1647 j.
1759 1563 1781 1629 f.
1794 1583 1835 1629 nr.

341 1652 381 1799 {te
396 1647 552 1800 Jomffi
561 1648 603 1799 ds}
615 1648 837 1823 Ngrrppoahet]
845 1649 900 1713 ille
914 1650 956 1714 de
970 1670 1061 1735 rege,
1083 1646 1197 1738 [quam
1213 1647 1354 1713 Thomas
1370 1648 1474 1714 Alded
1487 1656 1522 1715 et
1536 1650 1635 1713 multi
1657 1650 1714 1714 alii
1739 1669 1836 1733 nuper

358 1756 501 1799 enuerun
553 1756 680 1800 eeoo
723 1756 779 1800 ecc
802 1757 856 1803 e.
1912 1752 1918 1767 ·

387 1867 425 1932 In
441 1868 535 1956 cujus
550 1870 598 1933 rei
613 1872 840 1935 testimonium
855 1876 918 1939 etc.

681 2170 796 2238 Fsons
818 2191 861 2236 nu
884 2192 967 2237 soso
990 2160 1132 2237 rausum
1155 2192 1217 2236 uua
1240 2192 1502 2247 moursrcrousu.

934 2334 1242 2401 BLITHYNGGE.
1317 2337 1320 2343 ’

383 2468 433 2531 De
449 2470 553 2553 priore
567 2473 602 2533 et
615 2468 784 2533 monachis
799 2469 904 2533 Beate
918 2470 1023 2535 Marie
1037 2471 1078 2534 de
1092 2470 1233 2535 Theiord
1249 2471 1437 2535 tenentibus
1454 2471 1487 2533 in
1503 2470 1669 2537 Daseusa
1692 2470 1737 2535 di.
1753 2467 1776 2537 f.
1792 2490 1833 2534 m.

337 2555 380 2619 de
393 2554 512 2620 herede
525 2558 656 2620 comitis
671 2556 854 2621 Marescalli

381 2692 430 2757 De
450 2694 557 2777 priore
577 2694 696 2759 Sancte
719 2694 819 2758 Necti
842 2701 977 2759 tenente
1003 2697 1038 2757 in
1055 2696 1212 2763 Usssuou
1228 2701 1377 2782 quartam
1394 2701 1523 2779 partem
1539 2696 1563 2760 f.
1580 2716 1625 2761 m.
1639 2694 1681 2758 de
1696 2694 1835 2759 Roberto

336 2781 378 2845 da
392 2778 585 2860 Redesham,
601 2785 636 2846 et
649 2780 738 2845 idem
753 2782 915 2848 Robertus
929 2783 969 2847 de
983 2781 1142 2863 Johanne‚
1159 2782 1226 2847 filio
1245 2782 1391 2863 Walteri,
1405 2789 1440 2847 et
1454 2782 1509 2846 ille
1525 2782 1567 2847 de
1581 2802 1658 2868 rege
1674 2822 1687 2835 -
1774 2804 1832 2847 ns.

1000 2971 1170 3040 HOXNE.

381 3104 430 3168 De
456 3103 613 3168 Nicholao
639 3103 767 3167 Fastoll
790 3111 824 3169 et
848 3107 1039 3171 tenentibus
1064 3110 1131 3172 suis
1157 3106 1343 3171 tenentibus
1358 3108 1393 3170 in
1410 3106 1619 3174 Blnrnorrsrr
1635 3106 1680 3171 di.
1697 3105 1721 3172 f.
1738 3105 1833 3171 mdc

336 3192 455 3255 comite
469 3189 657 3271 Suffolchie,
672 3196 707 3255 et
721 3191 778 3255 ille
794 3192 833 3257 de
848 3213 924 3279 rege
970 3232 1686 3247 --------
1754 3214 1832 3258 nna.

378 3329 429 3394 De
443 3328 568 3393 Thema
581 3330 622 3394 de
637 3331 844 3418 Dicleburgh‚
859 3320 1044 3416 capellauo‚'
1053 3338 1089 3397 et
1112 3334 1207 3397 sociis
1234 3333 1300 3396 suis
1324 3333 1598 3397 commorantibus
1613 3333 1648 3395 in
1663 3335 1832 3415 personatu

335 3418 376 3480 de
392 3414 540 3480 Carleton
555 3419 744 3483 teneuubus
758 3420 793 3483 in
809 3420 984 3487 Osannsou
999 3421 1044 3485 di.
1062 3421 1086 3486 s.
1103 3442 1148 3487 m.
1173 3419 1213 3483 de
1237 3420 1405 3483 comitissa
1430 3418 1632 3498 Marescalla,
1658 3428 1695 3482 et
1717 3418 1773 3481 ills
1794 3417 1831 3481 de

333 3506 452 3568 comite
468 3503 654 3584 Suffolohie‚
670 3512 703 3571 et
720 3505 776 3569 ille
791 3506 833 3571 de
848 3528 924 3592 rege
963 3544 1686 3560 ········
1752 3526 1830 3573 xxa.

1028 3694 1155 3763 LOSE.

377 3826 425 3890 De
441 3828 557 3893 Awisia
570 3828 612 3893 de
627 3828 783 3913 Wysham
797 3836 831 3895 et
858 3828 1017 3894 Nicholao
1039 3830 1079 3893 de
1106 3829 1259 3894 Verdoun
1285 3829 1474 3894 tenentibus
1497 3833 1531 3893 iu
1558 3830 1829 3895 nasammonas

332 3917 608 4087 itfizcigznrpagrgem
623 3915 647 3979 f.
663 3937 708 3982 m.
724 3918 764 3981 de
779 3918 923 3981 manerio
936 3918 978 3981 de
993 3917 1161 3999 Horsford,
1177 3924 1212 3981 et
1229 3917 1286 3982 illa
1305 3921 1373 3995 (sie)
1392 3918 1431 3982 de
1447 3917 1577 3981 domina
1595 3917 1658 3995 (de)
1676 3914 1775 3991 Clare,
1798 3920 1830 3977 et

876 4350 971 4423 Μ).
1016 4350 1289 4425 1347-1348.

374 4498 549 4564 Edwardus
563 4502 614 4567 dei
630 4506 735 4589 gratia
750 4526 804 4569 rex
820 4508 937 4591 Anglie
952 4515 1028 4586 etc,
1042 4508 1267 4573 collectoribus
1282 4508 1396 4573 auxilii
1412 4507 1503 4573 nobis
1518 4509 1559 4573 ad
1575 4508 1825 4593 primogenitum

331 4587 437 4650 tilium
453 4595 599 4653 nostrum
614 4592 754 4655 militem
771 4594 956 4659 faciendum
972 4598 1009 4697 iu
1022 4598 1183 4661 comitatu
1198 4596 1374 4661 Suffolchie
1390 4598 1545 4675 concessi,
1560 4595 1708 4661 salutem.

373 4719 570 4785 Monstravit
598 4725 690 4789 nobis
719 4725 859 4791 dilectus
888 4730 923 4793 in
954 4728 1082 4793 Christo
1111 4731 1207 4794 abbas
1237 4730 1278 4795 de
1307 4730 1450 4814 Leyston
1477 4728 1562 4815 quod
1591 4745 1656 4789 nou
1683 4726 1751 4809 ipse
1775 4744 1825 4788 seu

330 4808 534 4889 predecessor
549 4832 624 4873 suus
639 4812 782 4899 aliquam
798 4826 922 4897 partem
939 4819 1077 4881 manerii
1092 4819 1131 4881 de
1147 4819 1345 4883 Pssnnaanu
1360 4818 1396 4880 in
1412 4822 1571 4881 comitatu
1586 4814 1733 4899 predicto
1747 4809 1826 4896 quod

330 4915 388 4977 per
413 4898 586 4960 servicium
617 4900 804 4964 medietatis
828 4902 853 4988 j.
878 4903 900 4966 i.
926 4924 971 4968 m.
999 4910 1132 4968 tenetur
1164 4905 1273 4987 aliquo
1305 4910 1452 4988 tempore
1473 4908 1631 4967 retroacto
1654 4904 1825 4963 tenuerunt

328 4989 363 5045 et
378 4981 457 5045 licet
472 4984 604 5067 quidam
619 4987 819 5068 predecessor
835 5010 911 5052 suus
926 4991 967 5053 de
988 4993 1109 5055 auxilio
1131 4992 1264 5055 domino
1287 4988 1475 5077 E[duardo]
1492 5010 1593 5073 nuper
1614 4986 1684 5071 regi
1708 4984 1821 5071 Anglie

327 5088 387 5132 avo
402 5080 511 5135 nostro
524 5074 566 5136 ad
582 5075 832 5159 primogenitam
847 5076 950 5141 filiam
966 5100 1058 5143 suam
1074 5080 1289 5143 maritandam
1305 5097 1390 5142 anno
1400 5080 1494 5163 regni
1505 5078 1555 5141 sui
1566 5074 1658 5159 xviij⁰
1680 5092 1823 5138 concesso

327 5154 367 5218 de
391 5162 482 5219 sexta
506 5166 597 5241 parte
622 5165 766 5242 predicte
791 5164 980 5229 medietatis
1006 5168 1029 5230 f.
1046 5186 1103 5247 pro
1127 5166 1290 5249 aliquibus
1316 5166 1411 5229 terris
1433 5172 1468 5229 et
1490 5163 1689 5229 tenementis
1704 5163 1769 5225 suis
1790 5161 1821 5221 in

327 5241 529 5311 Tamassos
557 5254 592 5311 et
621 5248 846 5317 Ksoussrssns
873 5272 937 5334 que
962 5260 1038 5316 sunt
1062 5253 1202 5335 parcella
1226 5254 1363 5317 manerii
1390 5253 1430 5315 de
1458 5252 1600 5337 Leystop
1626 5248 1713 5331 quod
1738 5248 1819 5311 idem

325 5329 526 5415 predecessor
540 5354 616 5399 suus
632 5336 737 5401 tenuit
752 5338 788 5400 in
809 5334 971 5427 [tiberem
986 5360 1102 5426 puram
1117 5346 1152 5406 et
1167 5336 1374 5429 perpetuam]
1395 5339 1605 5407 elemosinam
1620 5354 1657 5401 ao
1671 5336 1700 5399 si
1715 5334 1820 5401 eadem
