4092 6117
918 561 1190 630 WILTSHIRE.

730 858 953 925 Hunnaoouu
976 881 1020 924 oa
1044 859 1392 928 WHERWELDON.

352 992 530 1077 Inquisicio
553 1000 651 1079 copta
673 994 761 1078 opud
787 995 947 1082 Trobrigg
975 996 1102 1060 decimo
1131 1000 1244 1059 octavo
1273 997 1328 1062 die
1357 996 1462 1076 Junii‚
1486 1016 1572 1061 anno
1599 998 1693 1080 regni
1721 998 1806 1083 regis

308 1079 445 1142 Henrici
474 1083 558 1145 sexti
588 1089 662 1165 post
691 1090 904 1168 conquestum
917 1087 920 1090 ’
934 1090 1039 1161 sexto,
1067 1103 1174 1146 coram
1204 1082 1355 1147 Johanne
1384 1084 1487 1168 Poyn,
1524 1082 1673 1149 Jobanna
1697 1084 1804 1168 Erley,

306 1166 457 1230 Jobonne
481 1167 616 1252 Sturmy
641 1171 683 1233 de
707 1171 858 1244 Axesord,
883 1169 1033 1233 Johaune
1058 1171 1146 1253 Bryd
1172 1172 1212 1234 de
1237 1170 1462 1257 Marleburgb,
1479 1171 1622 1235 Henrioo
1637 1171 1805 1255 Bradeley,

305 1252 455 1318 Jobonne
484 1255 618 1340 Stnrmy
647 1257 687 1320 de
717 1255 973 1337 Wochenesield‚
1003 1257 1155 1322 Johanne
1184 1257 1285 1340 Bnye,
1316 1258 1481 1322 Willelmo
1517 1259 1604 1324 Lord
1636 1259 1678 1322 de
1714 1259 1805 1322 Novo

307 1340 496 1420 Sarisburio‚
519 1342 672 1407 Jobonne
697 1344 888 1408 Mountford
918 1346 960 1408 da
990 1346 1058 1428 Lye
1086 1345 1181 1430 juxta
1206 1345 1390 1428 Westbury,
1417 1346 1643 1410 collectoribus
1670 1347 1804 1409 subsidii

305 1429 428 1492 domini
444 1433 582 1514 regiain
597 1431 716 1494 ultimo
730 1431 945 1515 parliamento
961 1453 1019 1495 sno
1033 1433 1119 1516 apud
1129 1433 1457 1496 westmonasterium
1472 1435 1506 1496 in
1519 1433 1682 1516 quindena
1694 1432 1805 1496 Sancti

305 1515 478 1579 Michaelis
501 1517 621 1581 ultimo
645 1522 804 1600 preterito
832 1526 927 1582 tento
956 1521 1111 1598 concessi,
1141 1541 1199 1600 per
1229 1527 1468 1584 sacramentum
1499 1520 1628 1584 Ricardi
1654 1520 1802 1604 Kaynell‚

304 1602 436 1666 Ricardi
461 1603 591 1684 Wooth,
616 1605 775 1669 Willelmi
798 1606 994 1691 Dauntesye,
1017 1606 1156 1670 Walteri
1179 1606 1290 1685 Seuer,
1313 1605 1476 1678 Jobonnis
1498 1609 1638 1691 Husyet,
1669 1607 1803 1672 Henrioi

304 1690 448 1775 Wilkyn,
473 1691 635 1756 Jobonnis
661 1694 831 1777 Sampson,
855 1693 991 1756 Roberti
1013 1694 1159 1772 Dallord,
1182 1693 1342 1758 Jobonnis
1357 1695 1477 1778 Hoper,
1493 1695 1632 1759 Gallridi
1648 1693 1802 1780 Geueley,

303 1775 455 1841 Nicholoi
492 1778 609 1859 Brude,
638 1785 673 1844 et
709 1780 869 1844 Jobonnis
906 1779 1026 1864 Batyn,
1055 1783 1248 1867 juratorum,
1278 1782 1459 1868 juratorum
1492 1782 1532 1846 de
1560 1781 1729 1847 hundredo
1761 1786 1803 1845 da

303 1865 570 1946 Wherewelldon,
585 1868 641 1950 qui
656 1867 770 1930 dicunt
786 1888 883 1951 super
905 1875 1145 1932 sacromentum
1168 1889 1262 1932 suum
1278 1871 1365 1955 quod
1391 1888 1504 1932 omnes
1528 1889 1660 1953 persone
1683 1870 1717 1932 in
1740 1871 1804 1932 ista
1884 1913 1887 1920 -

302 1953 517 2039 inquisicione
532 1956 701 2017 nominate
717 1964 791 2018 sunt
809 1955 922 2018 seisite
937 1964 971 2018 et
987 1957 1222 2039 possessionate
1238 1961 1271 2019 et
1286 1975 1397 2019 eorum
1412 1955 1622 2039 quelibet'est
1643 1957 1756 2020 seisita
1769 1965 1804 2020 et

302 2041 539 2122 possessionata
562 2042 603 2105 de
625 2043 720 2105 terris
747 2051 781 2106 et
805 2045 1005 2106 tenementis
1031 2044 1067 2105 in
1081 2043 1245 2106 dominico
1259 2064 1317 2106 suo
1334 2049 1372 2106 ut
1387 2043 1428 2106 de
1443 2042 1543 2107 libero
1557 2048 1754 2124 tenemento,
1769 2056 1802 2108 et
1834 2079 1836 2086 >

300 2134 414 2191 tenent
427 2148 481 2191 seu
498 2134 587 2193 tenet
603 2130 699 2193 modo
714 2133 748 2193 et
764 2130 868 2194 formo
882 2131 940 2213 qui
956 2135 1126 2214 sequntur,
1143 2129 1308 2210 videlicet,
1326 2130 1411 2215 quod
1422 2155 1476 2196 :—

343 2314 509 2380 Jobonnea
538 2317 752 2397 Moutravers‚
781 2318 886 2398 mileo,
915 2325 1006 2382 tenet
1035 2319 1226 2382 immediate
1256 2319 1297 2382 de
1334 2319 1467 2382 domino
1504 2318 1691 2397 Humlrido,
1720 2319 1800 2384 duce

300 2402 514 2484 Gloucestrie,
529 2420 568 2468 ut
592 2405 632 2467 de
655 2412 761 2468 castro
784 2405 825 2469 de
848 2405 1002 2488 llevyses,
1029 2411 1119 2469 certa
1141 2411 1243 2469 terras
1267 2412 1300 2470 et
1317 2411 1509 2469 tenemento
1523 2407 1558 2469 in
1574 2407 1721 2486 Krvunn,
1737 2427 1803 2492 que

298 2510 403 2574 nuper
417 2492 551 2556 luerunt
565 2493 698 2555 comitis
714 2493 914 2570 Arundellle,
930 2513 985 2576 per
1000 2494 1173 2557 servicium
1188 2515 1242 2559 nn.
1258 2494 1281 2558 f.
1296 2515 1342 2559 m.

335 2599 488 2708 .Beatrix‚
513 2631 679 2694 comitissa
704 2631 906 2710 Arundellie,
931 2636 1023 2695 tenet
1048 2631 1240 2694 immediate
1266 2632 1305 2695 de
1331 2631 1480 2695 Jobonne
1494 2631 1697 2695 Mautravers
1712 2637 1800 2696 certa

297 2726 398 2783 terras
423 2724 459 2782 et
482 2724 672 2782 tenemento
697 2719 731 2780 ln
757 2719 905 2796 Karnos,
922 2726 961 2782 ut
984 2719 1018 2781 in
1046 2718 1157 2782 dotem
1182 2739 1286 2798 suam,
1302 2740 1365 2804 que
1389 2739 1495 2804 nuper
1522 2721 1654 2784 luerunt
1668 2722 1800 2785 comitis

297 2805 495 2884 Arundsllie,
509 2826 566 2889 per
581 2807 752 2869 servicium
769 2806 813 2870 di.
829 2806 853 2871 f.
870 2827 915 2871 m.

340 2945 500 3009 Katerina
523 2942 731 3028 Beouchamp
754 2949 845 3008 tenet
870 2944 1072 3022 immediate,
1097 2944 1138 3007 de
1162 2944 1284 3007 ducatu
1310 2944 1507 3024 Lancastrie,
1531 2949 1620 3008 certo
1645 2951 1749 3010 terras
1764 2953 1799 3010 ot

295 3037 484 3097 tenemento
505 3033 541 3094 in
567 3032 819 3110 consonamus,
843 3034 885 3095 ad
911 3033 1091 3095 terminum
1108 3033 1176 3095 vite
1201 3052 1267 3110 sue,
1279 3053 1341 3116 que
1356 3052 1461 3115 nuper
1475 3033 1611 3097 luerunt
1626 3033 1741 3118 Egidii
1756 3034 1797 3098 dc

295 3119 388 3184 Bello
403 3119 536 3203 Campo,
550 3140 610 3202 per
623 3120 796 3183 servicium
811 3125 928 3203 quarte
944 3119 1048 3202 partis
1063 3139 1120 3184 un.
1136 3119 1159 3183 f.
1174 3141 1220 3184 m.

336 3255 498 3335 Jobonnis,
529 3277 593 3339 que
621 3255 687 3320 fuit
717 3275 797 3318 uxor
824 3253 985 3318 Jobonnis
1016 3254 1234 3340 Franlrclayn‚
1262 3259 1355 3340 tenet
1384 3256 1574 3320 immediate
1604 3257 1644 3321 de
1671 3257 1799 3322 Thoana

294 3345 432 3422 Burton,
457 3350 492 3407 et
517 3344 646 3427 Agnete
672 3362 771 3406 uxore
798 3343 882 3428 ejus,
906 3347 993 3406 certa
1018 3349 1119 3406 terras
1145 3348 1180 3405 et
1210 3345 1396 3406 tenemento
1422 3344 1457 3405 in
1484 3344 1724 3412 Conunnassoa
1754 3347 1796 3410 sd

293 3432 472 3498 terminum
489 3432 556 3494 vite
581 3451 638 3494 sne
660 3451 698 3493 ex
724 3430 913 3494 dimissione
937 3430 1085 3513 ipsorum
1106 3429 1228 3492 Thorne
1251 3434 1286 3492 et
1306 3430 1455 3514 Agnetis,
1469 3452 1532 3514 que
1547 3451 1648 3515 nuper
1662 3432 1796 3498 fuerunt

293 3518 445 3584 Nicbolai
459 3517 705 3600 chamberlaym
720 3538 778 3601 per
791 3519 965 3581 servicium
980 3522 1092 3581 octavo
1108 3517 1210 3601 partis
1224 3537 1280 3582 un.
1297 3517 1321 3580 t.
1336 3538 1380 3582 m.

336 3657 459 3720 Dicunt
482 3657 585 3719 eciam
610 3656 749 3740 predicti
770 3655 942 3739 juratores,
964 3654 1051 3739 qnod
1077 3655 1166 3718 nulle
1191 3660 1268 3718 sunt
1290 3655 1355 3718 alie
1380 3675 1515 3738 persone
1545 3658 1613 3720 sive
1643 3663 1793 3724 tenentes

291 3743 375 3808 infra
403 3742 610 3807 hundredum
643 3743 826 3826 predictum
856 3744 957 3806 saisiti
989 3744 1024 3805 in
1055 3743 1217 3804 dominico
1247 3762 1304 3804 suo
1333 3742 1527 3806 immediate
1556 3751 1594 3806 ut
1623 3744 1663 3808 de
1692 3745 1792 3811 libero

292 3836 491 3910 tenemento,
505 3830 592 3894 uode
617 3828 719 3892 iidem
742 3850 876 3914 persone
902 3831 971 3892 sive
996 3834 1145 3892 tenentes
1170 3823 1399 3914 possessionoti
1424 3831 1581 3909 existunt,
1597 3833 1655 3915 qui
1678 3837 1794 3898 tenent

291 3940 357 4069 perl
364 3921 528 4020 integrum
545 3917 678 3981 feodum
692 3915 820 3996 militis,
835 3917 1062 3995 medietatem,
1076 3917 1223 3996 terciam,
1241 3916 1291 3980 vel
1305 3925 1466 4003 quartam,
1482 3923 1609 4001 portem
1633 3939 1689 3986 un.
1705 3920 1729 3985 t'.
1745 3942 1791 3987 m.

291 4028 345 4070 inc
358 4026 461 4071 nosve.

334 4145 375 4207 In
389 4142 483 4229 cujus
498 4143 546 4206 rei
561 4141 790 4207 testimonium
806 4146 870 4209 etc.

400 4601 592 4667 Hnnnnsnl
614 4621 658 4666 oa
681 4601 1001 4681 KYNGBRYGGE,
1024 4600 1317 4680 Tubusuctu,
1340 4621 1381 4666 aa
1403 4599 1688 4668 BLAKGROVE.

335 4739 515 4823 Inquisicio
529 4743 624 4823 capto
638 4739 726 4822 apud
740 4738 951 4824 Marleburgh
966 4740 1021 4804 die
1037 4738 1171 4804 Sabbati
1194 4741 1341 4823 proximo
1367 4743 1444 4802 ante
1459 4740 1581 4803 festum
1596 4737 1794 4802 Nativitotis

294 4825 407 4890 Sancti
433 4825 591 4890 Jobonnis
617 4825 780 4911 Baptiste,
794 4847 880 4890 anno
905 4829 995 4912 regni
1021 4828 1107 4912 regis
1122 4826 1259 4890 Henrioi
1275 4827 1358 4890 sexti
1372 4831 1447 4910 post
1461 4830 1676 4909 conquestum
1692 4833 1795 4906 sexto,

292 4933 399 4977 coram
413 4913 435 4977 J
436 4915 562 4978 ohanne
577 4913 679 4997 Payn,
694 4913 835 4979 Roberto
849 4915 960 4999 Erley,
985 4915 1135 4979 Jobonne
1152 4913 1285 4998 Stnrmy
1300 4914 1341 4977 de
1356 4912 1508 4992 straford,
1532 4913 1553 4977 J
1555 4911 1678 4977 ohanne
1703 4911 1791 4998 Bryd

291 5001 332 5066 de
355 4999 575 5085 Marleburgh,
600 5001 740 5065 Henrioo
764 5002 931 5087 Bradeley,
956 5002 1104 5066 Jobonne
1131 5001 1265 5084 Sturmy
1288 5001 1330 5065 de
1358 5000 1616 5080 Waohenesield,
1640 4999 1790 5066 Jobonue

292 5089 395 5171 Buye,
410 5087 575 5151 Willelmo
598 5088 683 5151 Lord
710 5089 750 5152 de
772 5089 863 5153 Novo
889 5089 1083 5167 Sarisburia,
1105 5094 1141 5153 et
1164 5087 1314 5152 Johanne
1339 5086 1524 5151 Mountiort
1546 5087 1586 5151 de
1604 5088 1672 5173 Lye
1690 5087 1790 5170 juxta

291 5174 477 5259 Westbury,
505 5173 729 5240 collectoribus
758 5177 897 5241 subsidii
926 5177 1052 5240 domini
1080 5176 1166 5262 regis
1195 5177 1231 5239 in
1260 5176 1418 5239 comitatu
1446 5174 1563 5238 Wiltes
1599 5178 1634 5238 iu
1671 5175 1791 5239 ultimo

290 5260 505 5347 parliamento
529 5282 587 5326 suo
612 5263 699 5347 opud
723 5264 1048 5329 westmonasterium
1073 5264 1109 5327 in
1136 5262 1302 5347 quindeno
1332 5260 1444 5326 Sancti
1474 5261 1644 5325 Michaelis
1669 5262 1789 5326 ultimo

289 5349 446 5436 preterita
473 5355 566 5414 tento
602 5352 755 5431 concessi,
785 5371 844 5435 per
880 5355 1120 5416 sacromentum
1156 5348 1316 5419 Jobonnis
1355 5349 1464 5440 Olym,
1503 5349 1638 5412 Roberti
1672 5347 1789 5430 sorde,
