4092 6117
906 569 991 639 A.D.
1016 573 1114 641 1402.

621 853 860 944 [Huunnunuu
883 879 927 925 nn
949 859 1387 949 KYNEWARDESTON]

297 985 385 1051 Item
412 989 553 1074 predicti
575 991 736 1077 juratores
765 1015 862 1080 euper
890 1002 1129 1062 sacramentum
1159 1019 1255 1062 ouum
1284 998 1411 1079 dieunt,
1436 999 1521 1088 quod
1545 1002 1695 1067 dominus
1721 1002 1762 1067 de

254 1072 396 1141 Gebham
420 1083 511 1141 tenet
533 1079 575 1144 de
597 1079 685 1146 dieto
700 1083 832 1149 domino
846 1105 923 1170 rege
937 1087 990 1150 in.
1005 1087 1076 1150 eine
1090 1086 1210 1165 medio,
1224 1087 1270 1154 di.
1288 1087 1309 1153 f.
1326 1108 1372 1153 m.
1388 1089 1423 1153 in
1440 1088 1662 1170 Gnrssunuur,
1677 1090 1763 1154 inira

252 1161 457 1228 hundredum
470 1164 512 1229 de
526 1165 793 1252 Kyuevardeton.

295 1299 405 1384 Agnae
427 1301 607 1391 Haveryng
630 1311 724 1372 tenet
748 1300 788 1372 de
811 1305 900 1374 dioto
924 1309 1056 1375 domino
1080 1331 1157 1396 rege
1182 1311 1236 1378 i.o.
1253 1311 1323 1375 eine
1346 1311 1455 1376 medio
1468 1317 1618 1397 quartam
1636 1319 1763 1398 perlem

253 1385 276 1451 f.
293 1408 347 1452 un.
362 1409 408 1456 m.
425 1391 460 1453 in
475 1391 626 1474 Wrnrou,
642 1394 728 1459 iufra
741 1393 949 1462 hundredum
964 1397 1159 1483 predictum.

296 1525 455 1592 Dominus
479 1529 521 1594 de
547 1529 726 1618 Berkeleye
751 1537 844 1599 leuel
869 1533 910 1600 de
933 1533 1022 1600 dioto
1037 1535 1169 1600 domiuo
1184 1521 1258 1620 rege
1273 1537 1325 1604 ie.
1341 1539 1413 1603 eine
1431 1485 1549 1622 medio,
1564 1541 1608 1604 di.
1625 1541 1649 1607 f.
1666 1562 1711 1608 m.
1727 1542 1761 1605 in

253 1614 415 1694 (lemnon,
430 1615 516 1682 infre
529 1616 735 1685 hundredum
750 1622 947 1707 predictum.

295 1750 459 1819 Johannee
473 1753 657 1820 Rothewell
671 1760 768 1821 tenet
782 1757 824 1822 de
839 1757 931 1823 dieto
945 1757 1079 1835 domino
1093 1781 1169 1846 rege
1182 1761 1240 1828 ie.
1256 1760 1327 1826 eine
1342 1759 1453 1824 medio
1467 1761 1618 1844 quintam
1635 1765 1762 1844 partem
1797 1789 1803 1802 ·

253 1837 276 1903 i.
290 1840 315 1926 j.
330 1861 378 1910 m.
394 1842 431 1906 in
446 1843 581 1911 Mmrou
597 1845 681 1908 inira
695 1843 904 1911 hundredum
918 1847 1114 1931 predictum.

295 1975 436 2043 Thomas
461 1979 649 2046 Faulrenere
671 1988 765 2047 tenet
790 1982 832 2046 de
858 1983 948 2048 dioto
972 1983 1107 2048 domino
1129 2005 1205 2070 rege
1228 1985 1280 2051 ic.
1306 1983 1375 2048 eine
1401 1984 1510 2050 medio
1525 2005 1581 2052 un.
1609 1986 1631 2052 f.
1658 2007 1702 2052 m.
1725 1987 1760 2050 in

254 2063 497 2134 conruenonuu
511 2067 669 2136 Vannuon
683 2069 769 2135 iufra
783 2069 991 2135 hundredum
1006 2072 1203 2156 prediatum.

294 2206 459 2275 Johannee
484 2209 602 2296 Sydele
625 2217 719 2276 tenet
744 2212 785 2276 de
810 2213 901 2276 dieto
925 2213 1060 2277 domino
1085 2233 1162 2298 rege
1185 2211 1327 2279 iasine
1351 2211 1459 2276 medio
1483 2215 1608 2276 sextam
1634 2215 1761 2296 partem

252 2293 274 2360 f.
289 2315 345 2362 uu.
361 2317 408 2364 m.
424 2297 459 2362 in
474 2298 544 2365 Eur
559 2299 786 2378 Brnnwrrnn,
801 2299 887 2364 infra
901 2299 1106 2364 hundredum
1121 2299 1315 2384 predictum.

295 2434 340 2498 Et
352 2436 481 2515 dieunt,
516 2438 580 2502 uod
595 2458 661 2503 uon
676 2443 754 2503 euni
768 2439 862 2522 plura
875 2445 960 2503 terre
975 2459 1034 2503 nee
1050 2443 1239 2504 tenemente
1255 2442 1349 2502 lenta
1363 2436 1403 2502 de
1418 2437 1507 2502 dioto
1530 2435 1663 2500 domino
1685 2453 1761 2520 rege

254 2522 322 2585 eine
335 2522 444 2587 medio
458 2524 495 2588 in
559 2525 765 2591 hundredum
782 2524 980 2611 prodietum.

295 2659 336 2725 In
351 2662 445 2748 euJ'ue
458 2665 507 2729 rei
521 2665 746 2730 teetimouium
762 2671 822 2731 eta

295 2987 474 3074 Inquirieio
487 2993 583 3074 capta
594 2989 681 3073 apud
696 2988 912 3076 Marleborgh‚
926 3010 1033 3055 eoram
1048 2988 1198 3055 Johanne
1213 2989 1364 3073 Gaweyn,
1376 2988 1565 3052 vicecomite
1580 2985 1710 3064 Wiltee,
1726 2991 1761 3050 et

253 3076 346 3140 eoeiis
375 3077 453 3154 uuir,
480 3077 733 3142 oomieeionariie
761 3077 887 3140 domini
916 3078 1001 3163 regie
1028 3077 1070 3140 ad
1099 3076 1289 3141 rationabile
1314 3076 1474 3140 auxilium
1504 3095 1562 3158 pro
1587 3071 1760 3152 Blanohea,

252 3163 471 3248 primogenite
493 3163 561 3229 filie
584 3163 709 3228 domiui
734 3165 830 3250 regis,
845 3165 1030 3229 maritanda
1055 3165 1291 3248 colligendum,
1304 3169 1338 3228 et
1362 3162 1549 3239 levandum,
1571 3162 1685 3248 xxviij⁰
1705 3162 1759 3225 die

253 3248 380 3328 Marcii,
392 3271 477 3315 anno
491 3253 585 3338 regni
599 3253 685 3338 regie
699 3251 837 3317 Henriei
852 3253 962 3336 quarti
984 3257 1058 3336 poet
1085 3257 1298 3337 conquestum
1323 3252 1433 3328 tercio,
1448 3271 1507 3334 per
1521 3258 1758 3314 sacramentum

251 3337 375 3402 Thome
400 3339 429 3400 E
468 3388 477 3419 ,
505 3336 648 3403 Simonis
671 3337 838 3413 Oharltou,
859 3339 1020 3407 willelmi
1046 3339 1195 3417 Aunnell,
1223 3336 1383 3404 iohannis
1412 3337 1573 3415 Dubbem,
1598 3334 1758 3400 Johannie

252 3423 371 3510 Bailly‚
384 3424 426 3490 Jo
448 3427 544 3490 anuie
558 3426 676 3511 Pyoot,
689 3426 824 3494 Walteri
840 3424 930 3504 Coos,
944 3425 1069 3490 Thome
1084 3426 1198 3504 Wade,
1223 3427 1261 3488 In
1288 3425 1401 3490 elremi
1428 3425 1608 3509 Hampton‚
1634 3424 1758 3487 Thome

251 3511 618 3666 CanyngeehJohennie
640 3513 771 3595 Ferour,
796 3518 831 3578 ei
854 3513 1006 3599 Hugouie
1029 3513 1156 3592 Doreei,
1181 3513 1239 3598 qni
1263 3447 1380 3578 dieunt
1402 3532 1496 3595 super
1519 3521 1758 3576 recrementum

251 3619 356 3680 suum,
372 3621 415 3684 qu
467 3625 521 3667 :-

667 3786 905 3876 [Huunuunuu
928 3809 973 3856 nn
996 3784 1343 3874 swANuBORGH.]

291 3926 453 3992 Dominae
466 3926 497 3991 le
511 3923 647 3990 Bumell
661 3930 756 3991 tenet
769 3927 811 3991 de
824 3927 957 3990 domino
972 3943 1049 4012 rege
1062 3928 1117 3994 io.
1132 3925 1202 3990 riue
1216 3925 1327 3990 medio
1341 3943 1399 3994 un.
1412 3923 1435 3991 i.
1448 3945 1495 3992 m.
1506 3925 1542 3988 iu
1555 3923 1756 3992 Onnmarnn

249 4013 380 4094 Maeui,
396 4014 481 4077 infra
496 4012 700 4078 hundredum
715 4014 757 4078 de
772 4013 998 4097 Smeborgh.

292 4150 449 4215 Dominus
477 4151 507 4214 le
532 4151 627 4221 Ware
657 4155 750 4215 tenet
773 4151 814 4215 de
838 4151 928 4216 dieto
951 4150 1085 4216 domino
1111 4107 1189 4238 rege
1210 4152 1263 4218 ie.
1291 4150 1361 4216 eine
1384 4149 1493 4216 medio
1516 4169 1573 4215 un.
1598 4150 1623 4216 f.
1649 4169 1695 4216 m.
1719 4149 1754 4212 in

247 4239 439 4318 Anauonou,
452 4239 538 4302 infre
552 4235 759 4303 hundredum
774 4239 970 4323 prodietum.

291 4376 454 4441 Dominae
474 4376 506 4440 le
529 4375 618 4462 θη]
647 4372 702 4464 [de
748 4374 876 4441 Ruthin
900 4382 995 4440 tenet
1018 4376 1058 4442 de
1081 4377 1174 4441 dieto
1196 4376 1330 4442 domino
1355 4395 1431 4461 rege
1460 4377 1516 4444 io.
1543 4377 1612 4440 eine
1635 4374 1754 4454 medio,

248 4484 304 4530 uu.
320 4465 344 4531 f.
359 4485 404 4530 m.
419 4464 453 4528 iu
470 4463 651 4544 Lmnnrou,
668 4464 704 4527 in
768 4463 975 4528 hundredum
990 4464 1186 4548 prediatum.

291 4601 450 4665 Dominus
479 4601 509 4665 le
539 4600 603 4684 Sey
631 4607 724 4666 leuet
754 4603 794 4668 de
823 4603 912 4667 dioto
940 4602 1074 4666 domino
1102 4621 1182 4686 rege
1209 4601 1263 4669 ie.
1291 4602 1362 4666 eine
1387 4601 1496 4666 medio
1524 4599 1571 4667 di.
1597 4600 1621 4666 f.
1646 4620 1692 4665 m.
1718 4599 1753 4663 in

249 4688 502 4755 Mauruoronnn
517 4689 661 4755 Bunwne
675 4689 761 4754 infra
775 4688 984 4754 hundredum
999 4689 1196 4774 predictum.

292 4825 454 4888 Melilldie
477 4825 519 4889 de
546 4825 577 4889 la
599 4825 692 4890 Mare
715 4830 809 4890 tenet
831 4826 872 4889 de
896 4826 987 4890 dicto
1010 4826 1144 4890 domino
1168 4845 1244 4910 rege
1266 4825 1321 4892 io.
1337 4826 1407 4890 eine
1426 4824 1536 4889 medio
1559 4824 1603 4890 di.
1622 4823 1642 4888 l.
1659 4844 1704 4888 m.
1720 4823 1754 4884 in

249 4911 459 4992 hamound,
475 4913 559 4977 infru
575 4911 779 4978 hundredum
795 4913 992 4999 predictum.

292 5049 476 5114 Willelmue
498 5049 653 5136 Homeby
679 5056 772 5116 tenet
794 5050 836 5116 de
862 5050 952 5114 dicio
978 5050 1111 5114 domino
1134 5070 1207 5136 rege
1232 5051 1285 5116 io.
1310 5051 1379 5114 eine
1405 5047 1512 5112 medio
1538 5046 1585 5112 di.
1609 5047 1632 5112 f.
1649 5067 1694 5113 m.
1718 5047 1753 5110 in

248 5135 477 5218 Rusonem,
492 5138 579 5200 infra
593 5138 798 5202 hundredum
812 5138 1007 5224 predielum.
1038 5181 1039 5184 ,

289 5271 404 5340 euros
426 5273 517 5338 Nove
540 5273 684 5360 collegio
702 5277 773 5355 (ric)
789 5276 885 5340 beate
909 5273 1016 5339 Marie
1042 5271 1166 5338 Oxonie
1192 5278 1288 5338 tenet
1301 5272 1344 5338 de
1357 5273 1446 5338 dioto
1462 5271 1596 5336 domino
1610 5289 1683 5356 rege
1699 5270 1753 5336 io.

245 5358 314 5426 eine
326 5362 449 5440 medio,
462 5381 519 5430 nn.
536 5361 560 5427 l.
576 5382 623 5427 m.
641 5363 675 5424 in
694 5362 847 5431 Sunuarn
861 5363 948 5428 inira
962 5361 1168 5428 hundredum
1185 5360 1378 5444 predictum.
