4092 6117
285 550 350 614 260
902 548 1173 620 wlnvsfflau.

326 831 499 897 Abbatissa
526 834 684 902 Wiltonie
717 840 808 900 tenet
833 837 1026 902 immediate
1052 842 1142 900 certa
1171 843 1272 900 terras
1296 841 1330 899 et
1355 839 1545 900 tenementa
1571 840 1606 898 in
1630 833 1792 898 comitatu
1837 897 1849 924 ,

282 920 401 988 Wiltes
414 920 455 984 de
470 942 545 1007 rege
559 924 594 984 in
610 943 723 1006 puram
739 923 950 989 elemosinam
965 945 1021 1008 per
1037 945 1094 990 un.
1110 925 1134 990 f.
1151 946 1196 990 m.
1243 925 1287 988 Et
1302 924 1397 988 solvit
1419 923 1562 988 decimas
1588 943 1646 1006 pro
1666 919 1790 985 eisdem

284 1010 416 1091 quando
428 1009 558 1072 decime
573 1017 717 1076 currunt.

323 1146 447 1210 Dicunt
471 1147 611 1211 ulterius
636 1148 777 1230 predicti
806 1149 967 1232 juratores
992 1150 1078 1236 quod
1103 1171 1168 1213 non
1194 1155 1268 1213 sunt
1296 1149 1360 1213 alie
1387 1168 1521 1232 persone
1548 1150 1615 1212 sive
1636 1150 1787 1210 tenentes

279 1233 363 1297 infra
389 1231 594 1298 hundredum
625 1236 809 1318 predictum
840 1239 951 1301 scisite
983 1239 1018 1300 iu
1048 1239 1213 1300 dominico
1244 1258 1303 1300 suo
1328 1235 1533 1314 immediate,
1562 1241 1599 1299 ut
1623 1237 1663 1298 de
1687 1233 1789 1296 libero

278 1326 478 1401 tenemento,
494 1322 580 1387 unde
603 1323 718 1387 eedem
744 1345 877 1407 persone
902 1326 969 1388 sive
992 1329 1145 1389 tenentes
1172 1326 1406 1408 possessionate
1426 1324 1585 1403 existunt,
1601 1322 1658 1408 qui
1675 1325 1789 1385 tenent

280 1428 349 1558 perl
358 1409 526 1494 integrum
551 1408 681 1474 feodum
707 1412 824 1476 militis
850 1413 1071 1492 medietatem,
1093 1413 1238 1489 terciam,
1256 1411 1305 1476 vel
1322 1416 1471 1496 quartam
1486 1416 1613 1494 partem
1629 1429 1684 1474 un.
1701 1408 1725 1472 f.
1742 1429 1788 1472 m.

284 1517 336 1558 mc
352 1516 452 1561 usrve.

328 1634 366 1696 In
382 1634 475 1721 cujus
490 1636 537 1699 rei
553 1637 780 1700 testimoninm
795 1644 858 1702 etc.

798 1845 1114 1854 ...am-—
1130 1846 1171 1852 .-.n
1178 1845 1282 1853 --u-oe-

800 2001 1022 2066 Huunannuu
1046 2021 1089 2065 on
1113 2000 1276 2067 CHALK.

324 2133 503 2214 Inquisicio
518 2141 614 2218 capta
628 2135 715 2219 apud
729 2136 905 2220 Tissebury
919 2137 973 2200 die
988 2137 1080 2200 Jovis
1095 2139 1242 2220 proximo
1264 2142 1339 2219 post
1360 2136 1482 2200 festum
1505 2135 1618 2198 Sancti
1643 2131 1789 2196 Barnabe

279 2221 439 2304 Apostoli,
456 2241 540 2284 anno
566 2225 661 2307 regni
690 2225 776 2309 regis
800 2223 936 2287 Henrici
959 2226 1042 2288 sexti
1067 2229 1141 2308 post
1166 2229 1379 2307 conquestum
1399 2228 1499 2300 sexto,
1517 2243 1623 2285 coram
1638 2220 1659 2283 J
1663 2219 1788 2283 ohanne

281 2307 382 2390 Payn,
398 2308 540 2372 Roberto
554 2310 660 2392 Erley,
676 2309 826 2374 Jobanne
841 2312 974 2394 Sturmy
990 2313 1031 2374 de
1050 2312 1200 2388 Axeiord,
1217 2311 1238 2374 J
1241 2310 1365 2374 ohanne
1392 2310 1477 2393 Bryd
1501 2310 1541 2372 de
1567 2305 1787 2391 Marleburgh,

282 2395 423 2459 Henrico
448 2393 614 2481 Bradeley,
638 2397 787 2461 Johanue
814 2397 948 2480 Stnrmy
971 2398 1011 2462 de
1036 2397 1293 2477 Wachenesield,
1318 2399 1471 2461 iohanne
1503 2395 1601 2480 Rupe,
1624 2394 1788 2462 Willelmc

281 2481 367 2545 Lord
402 2484 444 2546 de
482 2483 573 2546 Nova
610 2484 801 2564 Sarisbnria,
840 2491 875 2549 et
910 2486 1060 2550 Johanue
1097 2485 1281 2549 Monntlort
1312 2487 1353 2549 de
1384 2485 1449 2570 Lye
1479 2485 1574 2570 juxta
1603 2481 1787 2565 Westbury,

280 2569 506 2634 collectoribus
522 2572 658 2636 subsidii
675 2573 800 2635 domini
817 2574 906 2658 regis
920 2574 954 2636 in
970 2575 1131 2638 comitatu
1147 2573 1273 2652 Wiltes,
1289 2574 1323 2635 in
1347 2571 1464 2636 ultimo
1489 2571 1707 2655 parliamento
1732 2589 1789 2632 suo

281 2664 375 2722 tento
407 2660 495 2741 apud
522 2659 848 2726 Westmonasterium
877 2663 912 2723 in
940 2661 1107 2744 quindena
1137 2659 1250 2723 Sancti
1280 2658 1454 2723 Michaelis
1484 2659 1603 2722 ultimo
1631 2657 1789 2741 preterita

280 2746 430 2823 concessi,
461 2766 521 2829 per
552 2755 791 2811 sacramentum
827 2747 986 2814 Willelmi
1016 2746 1166 2827 Pcrbam‚
1197 2747 1358 2814 Willelmi
1389 2746 1638 2822 Wodemanton,
1667 2742 1790 2808 Thome

282 2831 397 2912 Hatte,
436 2833 610 2898 Laurencii
647 2834 796 2918 Pynnok,
830 2833 990 2899 Jobannis
1028 2834 1259 2913 Whitemersh,
1298 2835 1427 2898 Ricardi
1465 2833 1591 2916 Golley,
1630 2830 1789 2896 Jobannis

282 2919 419 3004 Turgys,
443 2919 567 2985 Thome
594 2920 722 3005 Smyth,
747 2921 908 2986 Johannis
934 2922 1093 3006 Haytour,
1117 2923 1240 2986 Thome
1256 2921 1426 3005 Sampson,
1444 2920 1617 2984 Octobonia
1632 2919 1738 2981 Thorn
1753 2923 1788 2981 et

279 3007 376 3069 Alani
402 3006 567 3086 Bokeden‚
591 3010 786 3095 J‘uratorum,
809 3009 997 3092 juratorum
1021 3010 1062 3073 de
1089 3008 1259 3074 hundredo
1285 3008 1324 3073 de
1349 3007 1463 3086 Chalk,
1489 3009 1546 3092 qui
1561 3007 1678 3070 dicunt
1692 3023 1790 3092 super

284 3101 522 3159 sacramentum
538 3116 635 3159 suum
651 3097 737 3182 quod
748 3121 796 3161 :-·

327 3283 510 3348 Willelmns
525 3285 634 3348 Darell
650 3290 742 3349 tenet
757 3287 949 3350 immediate
964 3287 1004 3349 de
1019 3285 1183 3350 abbatissa
1201 3286 1356 3349 Wiltonie
1383 3287 1418 3349 in
1446 3286 1673 3352 Kuvcnvnrorv
1700 3289 1789 3347 certa

281 3376 382 3434 terras
396 3377 432 3434 et
444 3378 647 3451 tenementis,
657 3394 722 3457 que
737 3394 841 3457 nuper
856 3375 992 3438 fuerunt
1004 3375 1176 3438 Laurencii
1188 3374 1229 3436 de
1241 3373 1361 3437 Sancto
1376 3373 1532 3448 Martium
1542 3393 1601 3456 per
1616 3372 1789 3437 servicium

283 3458 400 3541 quinte
413 3463 517 3543 partis
534 3480 588 3526 un.
605 3461 629 3525 f.
646 3483 692 3527 m.

304 3673 307 3677 .
325 3571 496 3660 Abbatissa
510 3596 667 3661 Wiltonie
682 3604 777 3663 tenet
792 3599 986 3663 immediate
1002 3601 1043 3663 de
1059 3619 1133 3684 rege
1149 3599 1259 3660 omnia
1275 3602 1378 3662 terras
1403 3601 1438 3660 st
1462 3601 1651 3660 tenementa
1679 3616 1737 3660 sua
1752 3598 1785 3659 in

280 3680 450 3746 hundredo
463 3683 504 3748 de
520 3683 623 3753 Ohallr
638 3687 843 3769 pertinencia
858 3686 898 3749 ad
914 3687 1084 3751 baroniam
1111 3707 1215 3764 suam,
1243 3706 1307 3769 que
1333 3685 1465 3749 baronia
1489 3689 1621 3748 tenetur
1646 3683 1688 3747 de
1712 3705 1788 3768 rege

282 3789 340 3853 per
353 3772 528 3834 servicium
542 3793 598 3839 nn.
616 3774 639 3839 l.
656 3795 701 3838 m.

324 3906 468 3970 Heredes
495 3908 613 3990 Rogeri
627 3908 667 3973 de
684 3908 832 3973 Bavente
857 3917 970 3974 tenent
996 3910 1189 3974 immediate
1215 3910 1255 3972 de
1271 3943 1444 3956 --
1460 3909 1493 3970 in
1520 3908 1670 3974 Frrrvna
1696 3913 1787 3972 certa

277 4002 382 4167 mai:
394 4001 646 4147 lntedellm'
663 4018 725 4082 que
741 4016 844 4081 nuper
859 3998 992 4062 fuerunt
1019 3997 1137 4083 Rogeri
1151 3998 1193 4060 de
1210 3996 1367 4073 Bavente,
1394 4017 1449 4079 per
1474 3996 1646 4059 servicium
1671 3996 1786 4079 quinte

323 4218 481 4282 Robertus
495 4218 683 4284 Bodenham
698 4227 791 4285 tenet
806 4221 997 4285 immediate
1011 4221 1054 4285 de
1069 4239 1145 4304 rege
1161 4222 1193 4284 in
1210 4221 1456 4287 Ennasuouuua
1468 4220 1572 4286 Wsna
1584 4225 1675 4282 certa
1687 4225 1788 4282 terras

277 4312 315 4457 (ἐξ
317 4311 515 4457 ffirgplmgnltpl
525 4328 589 4457 qfue
581 4328 706 4461 11puper
721 4310 854 4372 fuerunt
869 4309 1039 4372 Edmundi
1067 4309 1237 4391 lialreluyt
1262 4314 1296 4370 et
1320 4307 1482 4371 Johaunis
1508 4304 1715 4382 Mareschall‚
1731 4326 1788 4390 per

320 4531 517 4594 laurencius
531 4529 675 4615 Govayn
690 4537 783 4595 tenet
797 4533 991 4598 immediate
1006 4534 1048 4598 de
1063 4531 1185 4597 bonore
1200 4533 1241 4596 de
1257 4529 1470 4615 Walyngiord
1485 4531 1518 4593 in
1536 4531 1785 4598 Noarmcrorr

277 4624 492 4790 ἷῖιῐιὲιιέἑιιιὲ
514 4626 552 4774 red
578 4625 766 4684 tenemento
789 4639 852 4704 que
877 4641 981 4704 nuper
995 4621 1133 4685 fuerunt
1149 4619 1269 4705 Rogeri
1285 4619 1387 4696 Hune,
1404 4638 1464 4701 per
1479 4618 1654 4681 servicium
1671 4623 1786 4703 quarte

320 4842 480 4906 Rcbertus
494 4843 618 4927 Savage
634 4849 727 4908 tenet
742 4842 933 4908 immediate
947 4845 987 4908 ds
1002 4843 1124 4908 honore
1139 4844 1341 4908 Gloucestria
1356 4844 1393 4905 in
1414 4841 1568 4910 Toumar)
1584 4846 1670 4904 certa
1685 4846 1788 4907 tenus

278 4935 728 5085 llerllllddfllff'flffuper
742 4931 880 4995 fuerunt
903 4930 1063 4996 Johannis
1077 4932 1118 4995 de
1134 4931 1235 5015 Lucy,
1258 4936 1294 4994 et
1316 4928 1477 4993 Johannis
1501 4929 1541 4992 de
1567 4927 1703 5011 Govyta,
1730 4948 1788 5014 per

319 5153 485 5218 Johannes
521 5154 648 5234 Talbot,
686 5155 841 5235 obiveler,
880 5159 975 5234 tenet
1012 5155 1206 5219 immediate
1250 5154 1292 5216 de
1340 5151 1505 5217 abbatissa
1550 5149 1709 5216 Wiltonie
1753 5154 1790 5217 in

280 5240 388 5308 Sacas
410 5241 559 5318 Vuaoou,
576 5249 664 5306 certa
678 5248 783 5306 terras
797 5249 832 5306 et
847 5249 1050 5321 tenemento,
1068 5263 1130 5327 que
1146 5261 1249 5324 nuper
1264 5242 1397 5306 fuerunt
1411 5237 1571 5303 Johannis
1587 5239 1714 5319 Talbct,
1731 5261 1789 5325 per

278 5328 453 5391 servicium
468 5337 585 5412 quarte
601 5332 703 5413 partis
720 5351 775 5396 un.
791 5331 814 5396 f.
832 5353 877 5396 m.
1518 5367 1522 5372 ·
