4092 6117
902 612 1011 696 (19)

829 901 925 975 A.D.
967 901 1089 975 1428.

253 1088 427 1165 Henricus,
442 1085 494 1150 dei
520 1086 626 1169 gratia
650 1089 714 1152 eto.
731 1086 860 1150 dilectis
887 1086 947 1151 sibi
972 1084 1116 1151 Johanni
1133 1084 1289 1173 Boughay
1304 1086 1346 1153 de
1360 1087 1555 1169 Whitmore,
1570 1089 1706 1153 Ricardo

209 1175 367 1243 Chambre
391 1173 567 1250 neratde,
592 1173 732 1237 Ricardo
757 1173 889 1237 Selmon
915 1174 956 1237 de
981 1174 1143 1253 Moretoo‚
1168 1174 1312 1239 Johanni
1338 1173 1482 1260 Assheb)⁷
1497 1176 1537 1240 de
1553 1177 1706 1255 stafford,

208 1263 374 1327 Willelmo
398 1260 526 1325 Saliord
552 1260 592 1324 de
618 1260 798 1344 Hampton,
825 1259 968 1325 Jobanni
991 1261 1084 1324 More
1109 1261 1150 1325 de
1175 1260 1386 1342 Penkeriche,
1412 1262 1537 1327 Thome
1561 1264 1639 1328 Bret
1665 1265 1705 1329 de

208 1348 450 1435 Dymmesdale,
463 1354 495 1411 et
512 1346 652 1412 Roberto
667 1346 830 1435 Congreve
845 1348 886 1411 de
902 1347 1080 1433 Congreve,
1096 1350 1205 1414 sciatis
1231 1349 1318 1433 quod
1341 1357 1404 1416 ete.
1428 1355 1477 1430 (as
1498 1355 1534 1416 in
1555 1354 1705 1436 previous

206 1441 367 1517 cotiones).

251 1626 430 1711 Inquisicio
454 1630 550 1708 capta
572 1623 659 1707 apud
683 1622 822 1686 Stafford
850 1627 966 1709 quarto
991 1623 1046 1687 die
1070 1622 1219 1688 Octobris
1244 1644 1329 1688 anno
1350 1625 1443 1710 regni
1467 1627 1553 1711 regis
1568 1627 1704 1690 Henrioi

209 1716 293 1779 sexti
307 1714 446 1797 septimo
460 1731 566 1775 coram
582 1710 746 1773 Willelmo
761 1709 941 1797 Knygbton
958 1715 993 1773 et
1007 1709 1132 1774 Thome
1146 1711 1286 1790 Fissher,
1300 1712 1429 1776 ballivis
1454 1713 1531 1776 ville
1553 1720 1588 1777 et
1610 1714 1705 1777 liberi

206 1802 302 1887 burgi
329 1799 503 1865 Staffordie
525 1799 568 1863 de
593 1817 743 1880 supremo
767 1804 801 1860 et
824 1799 966 1860 maximo
982 1797 1088 1862 valore
1113 1798 1289 1883 cujuslibet
1312 1799 1446 1865 ecclesie
1468 1802 1553 1863 inira
1578 1801 1703 1864 dictum

207 1891 345 1975 burgum
375 1887 555 1964 existentis,
581 1890 617 1948 et
642 1891 721 1970 quot
745 1889 778 1947 et
805 1904 868 1968 que
894 1891 972 1947 sunt
996 1884 1149 1966 parochie
1172 1886 1347 1950 earundem
1372 1888 1578 1951 eeclesiarum
1602 1894 1641 1951 ut
1662 1889 1704 1951 de

207 1974 468 2042 inhabitantibus
493 1972 660 2037 domicilia
686 1972 876 2035 tenentibus
900 1971 984 2035 inira
1010 1972 1148 2054 burgum
1179 1973 1365 2056 predictum
1381 1975 1503 2038 virtute
1533 1975 1703 2060 cujusdam

207 2063 444 2131 commissionis
459 2061 585 2124 domini
600 2060 686 2143 regis
701 2058 914 2123 colectoribus
930 2058 1146 2123 subsidiorum
1162 2061 1294 2124 domino
1308 2061 1377 2145 regi
1403 2082 1624 2125 concessorum
1647 2083 1704 2145 per

207 2154 304 2217 laicos
327 2152 363 2213 in
388 2148 599 2233 parliamento
625 2167 683 2213 suo
709 2151 803 2209 tento
828 2145 916 2229 apud
931 2145 1258 2210 westmonasterium
1273 2149 1307 2210 in
1323 2157 1379 2211 xv*
1399 2148 1571 2213 Michaelis
1585 2150 1703 2213 ultima

207 2240 363 2326 preterita
376 2257 414 2299 ac
430 2255 537 2298 coram
552 2234 682 2297 ballivis
696 2233 778 2296 dicti
794 2233 888 2297 liberi
903 2232 997 2317 burgi
1014 2234 1143 2297 racione
1160 2234 1321 2298 libertatis
1335 2238 1370 2299 et
1386 2234 1567 2299 franchesie
1589 2256 1646 2300 sue
1668 2238 1703 2299 in

205 2330 264 2392 bac
280 2332 372 2409 parte
388 2325 521 2399 directe,
535 2342 573 2385 eo
589 2319 675 2405 quod
697 2318 840 2384 habeant
854 2321 1131 2383 examinacionem
1146 2319 1335 2406 hujusmodi
1349 2323 1602 2406 inquisicionnm
1618 2324 1703 2386 inira

205 2416 391 2479 libertatem
421 2409 600 2494 predictam
638 2427 696 2491 per
724 2412 959 2471 sacramentum
997 2406 1157 2470 Jobannis
1192 2408 1363 2493 Bradeley,
1391 2409 1526 2474 Henrioi
1562 2410 1704 2488 Fent0n‚

207 2499 338 2565 Ricardi
361 2497 458 2574 Cluff,
480 2495 610 2559 Ricardi
627 2494 751 2579 Yonge‚
767 2494 903 2557 Walteri
920 2493 1053 2572 Barker,
1071 2493 1221 2557 Nioholai
1235 2495 1360 2574 Mason,
1377 2496 1535 2560 Willelmi
1552 2497 1704 2575 Walters,

206 2588 364 2654 lobannis
387 2584 495 2662 Coole,
509 2582 709 2646 Willelmum
734 2580 857 2661 Selnot,
884 2580 1042 2644 Jobannis
1069 2579 1209 2666 Conper,
1232 2582 1391 2647 Willelmi
1417 2584 1542 2664 doceb,
1569 2583 1701 2648 Ricardi

204 2677 341 2759 Paulyn,
357 2672 415 2756 xij.
430 2672 598 2758 juratores.

250 2813 312 2889 Qui
333 2811 448 2874 diount
470 2827 567 2890 super
588 2810 822 2869 sacramentum
845 2823 940 2867 suum
967 2803 1053 2890 quod
1077 2804 1213 2867 ecclesia
1227 2804 1339 2870 Bnarn
1355 2804 1468 2871 Marus
1485 2805 1702 2885 Sermonum,

206 2904 346 2965 scituata
359 2896 444 2960 inira
459 2894 598 2977 burgum
613 2892 795 2977 predictum
810 2912 884 2953 cum
900 2890 1073 2974 prebendis
1087 2891 1128 2954 de
1144 2893 1263 2971 Coros,
1277 2892 1456 2971 Tmaros,
1469 2900 1505 2956 et
1515 2894 1703 2961 Warsssrou

205 2989 266 3053 sibi
283 2985 427 3061 annexis,
442 2980 632 3046 extenditur
657 3000 760 3061 usque
786 2979 967 3042 maximum
993 2984 1027 3041 et
1052 2998 1240 3060 supremum
1256 2980 1399 3043 valorem
1424 2981 1465 3044 ad
1491 2982 1585 3047 xxii.
1602 2988 1638 3045 et
1653 2990 1704 3045 est

205 3072 329 3158 capella
354 3072 446 3154 regia
470 3068 679 3152 appropriate
705 3067 827 3130 decano
850 3070 885 3129 et
907 3065 1052 3148 capitulo
1066 3064 1226 3149 ejusdem,
1240 3068 1333 3152 cnjus
1347 3067 1472 3150 capelle
1486 3070 1575 3153 regie
1589 3089 1704 3132 omnes

204 3160 430 3227 inhabitantes
459 3156 545 3219 inira
573 3154 712 3239 burgum
741 3153 927 3236 predictum
957 3172 1097 3215 unacum
1133 3152 1296 3237 prebenda
1323 3153 1366 3218 de
1396 3153 1506 3221 Coros
1543 3155 1704 3238 predicte,

206 3251 393 3324 Treueros,
410 3248 445 3307 et
459 3244 648 3311 Wnansrou
671 3240 735 3304 sibi
759 3240 893 3303 annexis
920 3245 989 3301 tam
1012 3240 1048 3302 in
1075 3242 1286 3304 sacramentis
1310 3241 1531 3324 percipiendis
1554 3263 1652 3327 qnam
1667 3245 1701 3305 in

205 3336 372 3421 sepultura
386 3336 588 3395 mortuorum
603 3333 678 3391 sunt
694 3327 790 3390 simul
806 3331 840 3389 et
855 3327 984 3410 integre
999 3324 1200 3410 parochiani,
1211 3333 1246 3390 et
1259 3329 1346 3411 quod
1361 3328 1476 3391 eadem
1491 3329 1626 3393 ecclesia
1641 3352 1704 3415 que

204 3425 244 3488 ad
259 3422 463 3487 taxationem
476 3416 658 3501 antiquitus
674 3415 760 3477 iacta
774 3420 823 3479 est
839 3414 943 3477 divisa
959 3414 992 3476 in
1009 3414 1172 3477 solucione
1195 3413 1320 3477 decime
1344 3416 1379 3478 in
1405 3414 1509 3479 forma
1534 3426 1700 3500 sequente,

205 3511 358 3575 videlicet
372 3507 551 3571 decanatus
565 3502 691 3567 ibidem
707 3506 839 3565 texatur
853 3500 894 3564 ad
911 3502 983 3567 au.
1000 3502 1100 3587 xvj.s.
1117 3500 1228 3587 viiju.
1274 3541 1285 3553 -
1330 3502 1456 3566 decima
1472 3502 1573 3589 xxje.
1590 3503 1700 3590 xiijo.

962 3637 1148 3701 taxaturad
1311 3638 1447 3702 Decima

249 3780 473 3850 Prehendade
489 3778 651 3847 Measros
918 3795 1052 3841 rariore.
1379 3820 1400 3853 ,‚
1472 3775 1599 3860 jacere.

488 3916 572 3985 Snus
920 3932 1055 3976 umore.
1378 3958 1399 3990 ‚‚
1472 3912 1600 3998 jecore.

487 4053 597 4121 Cornu
919 4070 1053 4113 souare.
1389 4096 1399 4128 ,
1467 4049 1600 4131 jorra-rc.

247 4195 365 4260 Libera
379 4190 504 4277 capella
518 4189 558 4253 de
574 4188 730 4255 Trxnanu
919 4206 1052 4251 auare.
1375 4232 1396 4265 ,‚
1429 4218 1431 4222 ·
1466 4188 1598 4271 imaro
1716 4202 1721 4209 ⁴

574 4326 741 4393 Ircrsonn
919 4342 1054 4388 uersare.
1378 4368 1400 4399 „
1473 4325 1553 4409 vj.s.
1570 4327 1680 4412 viijo.

573 4458 753 4525 Cnnswrnn
918 4476 1052 4520 venare.
1378 4500 1398 4532 „
1472 4454 1549 4538 rja.
1565 4457 1676 4544 viiid.

245 4600 318 4663 Due
334 4592 494 4681 prebende
508 4566 545 4653 in
561 4590 803 4659 Wnrnuennun
916 4609 976 4654 ce.
1374 4630 1396 4661 ‚‚
1471 4608 1537 4653 ns.

247 4735 379 4819 Septem
396 4749 494 4814 parre

201 4822 365 4909 prebende
380 4817 505 4882 ibidem
916 4770 991 4833 ΣΗ·
1010 4787 1075 4833 M·
1378 4812 1399 4844 o
1473 4768 1575 4854 xxja.

244 4960 287 5023 Et
302 4956 388 5041 quod
403 4952 548 5039 quelibet
563 4948 759 5033 capellarum
774 4946 949 5011 liberarum
975 4947 1194 5030 predictarum
1218 4946 1260 5009 de
1284 4946 1453 5028 Tuumne,
1470 4949 1648 5029 iusseras,
1666 4956 1700 5013 et

202 5050 383 5117 Caesone
413 5060 486 5103 eum
515 5038 589 5101 aliis
617 5036 753 5119 capellis
782 5034 1030 5117 prebendalibus
1059 5034 1146 5097 infra
1173 5034 1368 5097 decanatum
1397 5034 1572 5101 Stcffordie
1608 5044 1701 5101 extra

199 5137 341 5220 burgum
357 5128 539 5215 predictum
556 5125 696 5187 scituata
711 5130 762 5185 est
777 5142 834 5205 per
849 5141 882 5184 se
897 5121 1024 5185 diversa
1050 5120 1173 5205 capella
1196 5123 1263 5184 sive
1288 5120 1425 5183 ecclesia
1448 5121 1641 5205 parochialis
1667 5132 1701 5186 et

198 5224 303 5287 divisa
329 5239 348 5281 a
373 5213 497 5297 capella
518 5212 610 5297 regia
635 5210 782 5294 predicta
808 5210 894 5271 infra
918 5208 1047 5272 dictum
1071 5208 1210 5292 burgum
1234 5208 1327 5285 scita,
1341 5213 1376 5270 et
1401 5228 1466 5271 non
1490 5216 1570 5273 sunt
1584 5230 1650 5273 una
1664 5217 1699 5273 et

198 5310 314 5374 eadem
328 5302 464 5369 ecelesia
478 5304 529 5364 set
544 5300 671 5362 diverse
685 5316 723 5359 eo
738 5295 825 5379 quod
840 5296 926 5359 dicte
940 5296 1064 5379 capelle
1080 5296 1237 5358 forinseco
1253 5300 1328 5357 sunt
1351 5300 1388 5357 et
1414 5316 1542 5379 semper
1566 5298 1699 5360 fuerunt

197 5418 239 5462 ex
254 5392 433 5459 donacione
447 5388 645 5453 diversarum
661 5376 861 5471 singularum
879 5402 1086 5471 personarum
1102 5388 1135 5444 et
1151 5401 1214 5447 uon
1231 5401 1271 5447 ex
1286 5381 1463 5446 donacione
1477 5383 1600 5446 domini
1616 5387 1700 5472 regis
