4092 6117
1051 589 1160 665 (96)

910 874 1009 948 A.D.
1032 872 1298 950 1401-1402.

399 1033 564 1099 Particule
589 1036 732 1119 compoti
757 1035 925 1100 Edmnndi
951 1034 1132 1115 Oldehulle‚
1157 1056 1259 1119 nuper
1284 1035 1483 1099 vicecomitis
1506 1033 1676 1111 Suffolkie,
1689 1031 1845 1098 Johannis

357 1119 522 1205 Gonmay,
537 1142 641 1207 nuper
655 1123 827 1187 esoactoris
841 1125 975 1209 regiain
991 1126 1104 1187 eodem
1121 1126 1290 1198 comitatu,
1304 1143 1342 1186 ac
1356 1122 1378 1185 J
1379 1122 1514 1186 ohannis
1529 1122 1671 1205 Knyvet‚
1680 1128 1715 1185 et
1730 1121 1842 1205 Rogeri

357 1207 570 1289 Wolverston,
587 1209 796 1273 collectorum
810 1211 983 1298 cujusdam
997 1212 1114 1274 auxilii
1127 1211 1247 1297 viginti
1262 1210 1438 1273 solidorum
1453 1215 1522 1273 tum
1537 1210 1579 1273 de
1593 1208 1731 1293 singulis
1745 1207 1846 1271 leodis

355 1295 501 1359 militurn
514 1295 555 1359 de
570 1316 645 1381 rege
660 1298 731 1361 sine
744 1296 853 1362 medio
868 1300 967 1362 tentis
980 1319 1080 1381 quam
1095 1298 1135 1361 de
1151 1298 1288 1383 singulis
1304 1297 1424 1381 viginti
1448 1296 1576 1360 libratis
1597 1302 1681 1359 terre
1704 1295 1745 1358 de
1771 1314 1843 1379 vegs

356 1382 389 1444 in
406 1384 534 1467 socegio
547 1384 617 1447 sine
631 1384 738 1447 medio
753 1384 905 1449 similiter
918 1386 1023 1448 tentis
1038 1390 1074 1448 et
1088 1384 1128 1448 de
1142 1385 1229 1468 pluri
1254 1383 1329 1468 plus
1344 1390 1379 1447 et
1405 1384 1447 1448 ds
1472 1384 1598 1447 minore
1624 1384 1733 1445 minus
1751 1382 1845 1464 juxte

355 1474 461 1533 ratum
485 1490 539 1553 per
564 1469 660 1534 breve
683 1472 768 1557 regis
795 1478 907 1555 patens
927 1471 968 1536 de
989 1492 1110 1555 magno
1125 1471 1233 1557 sigillo
1247 1470 1361 1534 dutum
1376 1471 1483 1554 primo
1496 1469 1549 1533 die
1563 1468 1749 1535 Decembris
1763 1486 1845 1531 enno

354 1558 454 1621 tercio
479 1577 573 1641 super
598 1558 683 1621 bunc
707 1564 894 1642 compotum
917 1558 1105 1636 liberatum,
1130 1578 1189 1643 per
1216 1557 1302 1643 quod
1331 1557 1427 1622 breve
1455 1578 1511 1621 rex
1540 1556 1718 1641 assignavit
1743 1555 1844 1619 dictos

354 1643 540 1707 collectores
554 1643 596 1708 ad
610 1645 770 1709 auxilinm
793 1645 975 1730 predictum
990 1646 1025 1709 iu
1040 1648 1200 1710 comitatu
1226 1644 1371 1729 predicto
1385 1650 1455 1709 tam
1470 1644 1556 1708 infru
1570 1644 1736 1709 libertates
1751 1662 1844 1726 qnam

354 1736 446 1795 extra
470 1730 512 1795 cd
535 1751 616 1815 opus
637 1732 742 1816 ipsius
766 1732 853 1816 regis
878 1752 937 1816 pro
962 1731 1125 1796 Blanchea
1151 1732 1370 1817 primogenita
1395 1730 1463 1795 lilia
1486 1752 1544 1795 sua
1558 1736 1637 1795 tunc
1650 1730 1750 1794 etatis
1764 1728 1843 1814 xiiij.

354 1836 513 1881 annorum
538 1820 700 1883 existente
723 1820 759 1882 iu
785 1820 931 1903 proximo
953 1820 1015 1883 deo
1044 1819 1144 1885 dante
1170 1819 1354 1883 maritanda
1378 1818 1552 1883 levandum
1573 1823 1608 1883 st
1630 1817 1844 1903 colligendum

354 1904 507 1969 videlicet
521 1904 561 1969 de
576 1904 766 1993 hujusmodi
780 1906 891 1970 enxilo
905 1911 943 1970 ut
959 1906 1054 1973 infru.

808 2092 1045 2185 [Hoanacnou
1067 2093 1126 2183 ns]
1155 2095 1415 2166 BABBERGH.

943 2232 1014 2311 (See
1029 2231 1121 2297 below
1133 2254 1168 2315 p.
1185 2234 1271 2309 104.)

775 2419 1094 2511 [Hoanssnusrns]
1123 2420 1436 2492 HERTISMERE.

396 2556 441 2619 Et
469 2554 509 2618 de
538 2573 622 2619 xxc.
650 2554 691 2619 de
720 2559 839 2634 castro,
863 2554 953 2633 villa,
976 2556 1132 2632 manerio,
1161 2562 1195 2618 et
1225 2554 1345 2618 honore
1370 2552 1410 2616 de
1436 2550 1509 2617 Eun
1535 2550 1570 2612 in
1600 2546 1777 2612 hundredis
1806 2548 1843 2610 de

353 2643 554 2707 Hertismerc
570 2646 605 2704 et
620 2641 737 2718 Stoice,
750 2661 788 2705 ac
803 2642 946 2705 manerio
961 2641 1000 2705 de
1014 2642 1178 2708 Bennios
1192 2646 1227 2706 in
1242 2642 1331 2705 dicto
1353 2640 1513 2703 comitatu
1536 2634 1707 2712 Suffolkie,
1720 2653 1842 2698 necnon

351 2731 393 2795 de
413 2729 557 2793 manerio
582 2726 623 2790 de
649 2728 799 2797 Cnossos
821 2731 857 2792 in
881 2730 1043 2792 comitatu
1058 2728 1226 2795 Nortolkie
1240 2749 1304 2813 que
1320 2723 1494 2791 Michaelis
1517 2723 1558 2787 de
1579 2724 1612 2785 la
1633 2721 1723 2799 Pool,
1741 2741 1844 2785 comes

352 2816 521 2894 Snffolkie,
536 2820 640 2892 tenet,
655 2835 691 2878 so
716 2817 863 2878 manerio
886 2815 926 2878 de
953 2816 1136 2882 Tnoaunou
1163 2822 1197 2879 et
1220 2818 1364 2882 Hionun
1386 2832 1461 2876 cum
1484 2811 1697 2896 pertinenciis
1711 2810 1746 2872 in
1760 2809 1844 2871 dicto

352 2904 513 2967 comitatu
528 2901 698 2980 Snffolkie,
712 2921 775 2985 que
790 2901 941 2983 Isabella,
957 2904 1125 2967 comitissa
1142 2903 1309 2981 Suliolkie‚
1333 2906 1424 2965 tenet
1449 2900 1483 2961 in
1505 2898 1583 2962 dote
1610 2896 1649 2959 ad
1669 2897 1842 2959 terminum

352 2992 430 3069 vite,
446 2995 558 3073 etque
573 2989 705 3072 insuper
720 2994 874 3053 tenentur
887 2990 929 3053 de
944 3011 1021 3075 rege
1036 2991 1089 3055 i.c.
1105 3010 1163 3073 per
1185 2990 1354 3054 servicium
1365 2987 1393 3072 j.
1410 2986 1434 3052 f.
1450 3006 1496 3051 m.
1513 2985 1599 3048 sicut
1613 2985 1798 3047 continetur
1811 2985 1843 3045 in

352 3077 491 3163 quadem
502 3076 718 3159 inquisicious
729 3096 836 3141 coram
847 3076 946 3140 dictis
960 3076 1184 3141 collectoribus
1197 3078 1275 3141 inde
1289 3082 1385 3159 capta
1401 3080 1436 3137 ct
1450 3093 1546 3156 super
1560 3068 1647 3135 hunc
1661 3075 1843 3153 compotum
1909 3166 1914 3177 1

351 3164 497 3229 liberata.
781 3232 789 3249 ‚

814 3290 1052 3381 [Hunonnnvu
1075 3293 1133 3381 nn]
1163 3294 1393 3363 MUTFORD.

939 3428 1010 3505 (See
1026 3426 1118 3491 below
1131 3449 1164 3510 p.
1177 3429 1264 3505 102.)

785 3612 1021 3702 [Huunasoun
1045 3611 1105 3701 nn]
1134 3613 1429 3683 WAYNEFORD.

940 3752 1011 3830 (See
1027 3752 1121 3817 below
1134 3774 1167 3837 ῃ.
1182 3756 1267 3829 103.)

816 3935 1053 4024 [Houosuncu
1077 3936 1136 4026 os]
1165 3938 1395 4007 ll'YLFORD.

942 4077 1011 4154 (See
1029 4078 1122 4142 below
1134 4100 1168 4160 p.
1181 4081 1268 4155 103.)

841 4252 1077 4341 [Huunasouu
1101 4254 1160 4344 nn]
1189 4256 1372 4325 IXNYNG.

393 4390 438 4453 Et
450 4388 490 4452 dc
505 4409 610 4453 xxva.
627 4389 666 4453 de
681 4391 705 4476 j.
721 4391 745 4457 f.
761 4395 796 4454 et
810 4398 923 4477 quarte
937 4398 1031 4476 parte
1046 4394 1070 4478 j.
1087 4393 1109 4458 f.
1128 4416 1172 4459 m.
1189 4394 1224 4457 in
1240 4396 1368 4460 Ixuvrvo
1384 4413 1447 4477 que
1463 4390 1642 4456 Odomarus
1657 4391 1699 4455 de
1713 4389 1845 4453 Valanca

350 4475 512 4562 quondam
535 4476 644 4539 tenuit
670 4490 706 4540 et
731 4498 794 4562 que
818 4478 931 4563 brago
957 4479 1125 4565 Barautyu
1150 4488 1242 4545 tenet
1267 4482 1306 4544 de
1330 4500 1406 4566 rege
1432 4480 1487 4545 i.c.
1504 4481 1589 4543 sicut
1613 4479 1798 4541 continetur
1813 4477 1844 4537 in

349 4562 490 4646 quedam
505 4564 718 4645 inquisicione
731 4585 840 4629 coram
855 4566 954 4629 dictis
969 4567 1193 4632 collectoribus
1208 4568 1286 4632 inde
1297 4574 1391 4651 captu
1403 4574 1437 4630 et
1452 4586 1549 4650 super
1563 4566 1650 4629 huno
1664 4568 1846 4648 compotum

247 4692 251 4699 -
350 4650 498 4714 liberato.

396 4763 437 4825 lit
453 4759 494 4824 de
508 4782 570 4827 rus.
587 4761 687 4827 dedi.
703 4763 726 4829 f.
743 4785 788 4828 m.
805 4764 930 4827 ibidem
954 4766 1041 4847 qnod
1068 4768 1156 4831 idem
1183 4766 1293 4853 Drugo
1310 4767 1476 4851 Barantyn
1492 4770 1584 4830 tenet
1598 4766 1637 4829 de
1653 4784 1731 4850 rege
1746 4764 1799 4829 i.c.
1815 4766 1845 4825 et

350 4848 437 4935 quod
452 4846 592 4912 Thomas
607 4849 646 4912 de
662 4851 806 4914 Gurdino
820 4854 984 4935 quondam
1001 4856 1109 4917 tenuit
1125 4876 1180 4938 per
1196 4854 1446 4938 inquisicionem
1463 4854 1657 4937 predictam.

393 4984 436 5048 Et
451 4984 491 5047 de
507 5005 535 5051 v.
542 5009 568 5051 a.
583 4985 624 5049 de
642 4993 758 5069 quarta
772 4994 864 5071 parte
879 4989 904 5074 j.
919 4988 942 5054 l.
959 5011 1005 5056 m.
1021 4992 1143 5055 ibidem
1159 5011 1255 5079 quam
1273 4991 1361 5053 idem
1376 4988 1487 5073 Drugo
1503 4992 1594 5051 tenet
1608 4986 1649 5050 de
1663 5004 1739 5070 rege
1754 4984 1806 5051 ic.
1817 4984 1847 5045 et

349 5090 412 5153 que
426 5074 591 5155 quondam
607 5074 672 5138 luit
689 5074 826 5139 Walteri
839 5074 882 5139 de
897 5076 1010 5140 Insula
1024 5099 1082 5163 per
1096 5080 1345 5163 inquisicionem
1360 5076 1551 5160 predictum.

394 5202 439 5266 Et
453 5201 494 5266 dc
509 5223 592 5268 aas.
608 5203 648 5266 de
662 5204 687 5289 j.
702 5203 727 5269 t.
744 5225 789 5271 m.
806 5207 928 5271 ibidem
944 5212 1031 5293 quod
1047 5212 1232 5276 Willelmus
1247 5207 1458 5296 Ooghesbale,
1472 5206 1575 5284 miles,
1592 5212 1684 5269 tenet
1710 5203 1751 5267 de
1776 5218 1846 5285 rege

350 5289 405 5354 ic.
433 5295 468 5353 et
504 5289 590 5373 quod
626 5290 760 5355 domina
796 5292 976 5360 Petronilla
1013 5297 1169 5363 Kemesik
1207 5318 1312 5384 nuper
1348 5296 1458 5361 tenuit
1492 5294 1625 5358 nomine
1662 5291 1751 5356 dotis
1794 5307 1845 5374 per

348 5376 596 5465 inquisicionem
612 5378 801 5463 predictam,
