4092 6117
283 563 347 626 ala
896 557 1184 626 WORGESTER.

327 847 372 911 Et
397 848 439 912 de
453 851 526 915 cli.
542 850 651 935 xiiis.
667 850 740 915 nd.
766 850 808 912 de
836 847 1022 932 hujusmodi
1048 847 1193 914 subsidio
1219 849 1377 911 bonorum
1403 851 1466 912 etc.
1491 846 1526 908 in
1550 845 1686 911 diversis
1711 843 1785 907 eliis

284 933 442 1016 parochiis
474 938 560 999 inira
589 939 785 1000 comitatum
815 937 1012 1020 predictum,
1043 956 1181 1023 querum
1210 935 1356 1019 quelibet
1386 934 1522 999 ecclesia
1550 933 1591 996 sd
1623 951 1786 996 summam

285 1044 314 1086 x.
330 1043 512 1087 marcarum
527 1030 562 1088 et
577 1025 665 1087 ultra
680 1030 757 1087 ante
771 1024 896 1087 dictam
911 1024 1110 1107 quindenam
1135 1029 1247 1088 texata
1273 1029 1355 1100 erat,
1369 1043 1433 1106 que
1448 1021 1583 1104 quidem
1598 1018 1732 1084 ecclesie
1746 1017 1789 1082 ad

285 1115 330 1170 ml
339 1111 372 1174 li.
389 1109 479 1195 xviij.
491 1134 517 1175 s.
534 1112 621 1175 inter
646 1131 681 1174 se
708 1112 882 1195 separatim
907 1117 1073 1189 taxantur,
1087 1111 1242 1174 videlicet
1266 1110 1306 1174 de
1331 1109 1531 1193 quibuslibet
1545 1108 1659 1172 decern
1675 1107 1792 1169 marcis

286 1195 356 1282 xiij.
367 1220 392 1262 s.
409 1197 513 1282 iiij.‹l.
529 1206 564 1260 et
578 1201 624 1262 sic
647 1198 932 1282 proporcionaliter
958 1199 1160 1262 ascendendo
1182 1199 1277 1283 juxta
1299 1204 1406 1261 ratam
1433 1203 1507 1260 taxe
1521 1193 1698 1280 cujuslibet
1714 1193 1790 1256 talis

286 1286 419 1347 ecclesie
435 1286 524 1368 prius
539 1287 625 1350 facte
641 1307 698 1369 per
712 1287 809 1349 breve
823 1286 909 1369 regis
925 1287 1121 1368 predictum,
1136 1285 1219 1348 sicut
1235 1289 1421 1349 continetur
1437 1283 1570 1347 ibidem.

330 1411 374 1473 Et
389 1411 429 1474 de
444 1412 553 1498 anili.
569 1413 654 1500 iij.r.
672 1415 744 1478 ud.
768 1413 809 1476 de
832 1413 975 1478 subsidio
998 1416 1201 1479 diversorum
1227 1423 1383 1478 terrarum
1409 1419 1443 1477 et
1467 1416 1727 1476 tenementorum
1754 1411 1789 1472 in

286 1501 447 1562 comitatu
477 1500 622 1585 predicto
651 1521 713 1584 que
743 1498 871 1564 diverse
901 1521 1037 1586 persone
1067 1502 1177 1566 seisite
1207 1509 1242 1566 et
1270 1504 1505 1586 possessionate
1534 1500 1574 1563 de
1600 1499 1722 1562 eisdem
1753 1497 1788 1558 in

286 1586 450 1649 dominico
475 1608 532 1649 suo
557 1594 597 1652 ut
623 1587 786 1651 delibero
812 1594 1003 1653 tenemento
1029 1595 1144 1654 tenent
1166 1589 1355 1653 immediate
1377 1589 1434 1672 per
1448 1588 1618 1652 servicium
1634 1585 1787 1662 militare,

287 1672 442 1737 videlicet
464 1674 506 1737 de
530 1675 677 1758 quolibet
703 1675 797 1739 feodo
822 1676 954 1760 integro
968 1677 1048 1761 vj.s.
1064 1676 1176 1763 vitto.
1193 1684 1227 1740 et
1255 1678 1302 1740 sic
1327 1678 1422 1762 juxta
1445 1682 1551 1740 ratam
1573 1674 1614 1737 sd
1638 1677 1787 1757 quartem

286 1766 411 1844 partem
426 1761 601 1847 cujuslibet
617 1762 701 1825 feodi
716 1762 834 1824 militis
848 1762 1005 1828 inclusive
1020 1765 1188 1848 perbreve
1203 1767 1289 1850 regis
1304 1773 1367 1828 etc.

331 1890 375 1953 Et
399 1896 575 1953 onerantur
602 1911 695 1974 super
718 1897 906 1976 compotum
932 1893 974 1956 de
997 1890 1103 1977 iiiju.
1120 1892 1226 1978 stips.
1244 1892 1347 1978 iiijc.
1364 1893 1405 1956 de
1421 1889 1564 1956 subsidio
1579 1893 1788 1974 contingente

287 1976 370 2062 xiiij.
385 1977 536 2042 ecclesias
562 1976 647 2040 infra
670 1980 862 2041 comitatum
888 1980 1074 2062 predictum
1100 1981 1135 2042 in
1159 2001 1295 2063 querum
1310 1981 1442 2065 quidem
1459 1977 1684 2063 parochiarum
1700 1977 1789 2039 nulla

287 2084 344 2147 per
360 2087 394 2127 se
406 2066 520 2128 decem
531 2062 753 2129 inhabitantes
763 2065 930 2130 domicilia
941 2072 1092 2131 tenentes
1104 2070 1250 2131 existunt
1261 2088 1319 2151 per
1330 2070 1566 2130 sacramentum
1579 2065 1788 2129 collectorum

287 2152 411 2216 ibidem
426 2158 537 2216 tamen
552 2173 647 2236 super
660 2153 747 2235 ipsos
763 2161 969 2218 oneratorum
984 2176 1023 2217 eo
1039 2155 1123 2237 quod
1138 2175 1203 2218 non
1219 2161 1348 2219 constat
1363 2155 1453 2218 curio
1469 2173 1523 2235 per
1539 2153 1789 2235 inquisicionem

287 2239 327 2303 de
356 2241 567 2304 excusacione
597 2239 786 2321 earundem,
818 2241 969 2305 videlicet
1006 2243 1047 2305 de
1082 2242 1230 2326 qualibet
1266 2239 1418 2326 parochia
1448 2241 1490 2325 vj.
1503 2265 1528 2305 s.
1560 2240 1673 2326 viijnt.
1705 2239 1790 2302 sicut

220 2355 225 2364 ·
289 2328 475 2392 continetur
488 2326 622 2390 ibidem.

332 2437 377 2502 Et
391 2441 566 2502 onerentur
588 2442 652 2501 etc.
674 2437 714 2500 de
742 2437 843 2524 xiiii.
860 2439 939 2526 vj.s.
956 2443 1031 2506 nd.
1061 2441 1101 2504 de
1127 2439 1315 2528 hujusmodi
1343 2439 1488 2504 subsidio
1514 2440 1723 2524 proveniente
1749 2437 1790 2500 de

288 2525 423 2589 diversis
437 2525 643 2609 porcionibus
657 2545 737 2608 quas
751 2526 876 2589 diverse
890 2547 1026 2611 persone
1042 2527 1167 2591 habent
1180 2534 1214 2590 et
1240 2528 1426 2611 percipiunt
1449 2529 1483 2591 in
1498 2528 1634 2591 diversis
1648 2525 1791 2590 ecclesiis

289 2611 512 2695 parochiarum
548 2611 633 2676 infra
669 2614 795 2676 dictum
832 2617 1025 2678 comitatum
1056 2615 1241 2700 Wygornie‚
1277 2635 1340 2700 que
1377 2615 1510 2698 quidem
1547 2615 1712 2698 porciones
1749 2612 1789 2675 ed

289 2698 447 2788 cxxiijll.
475 2699 580 2786 viiia.
606 2700 710 2786 iiijmd
742 2703 915 2782 separatim
944 2708 1099 2766 tenemur
1128 2703 1281 2766 videlicet
1311 2701 1352 2766 de
1382 2701 1582 2787 quibuslibet
1613 2723 1643 2766 x.
1673 2703 1791 2764 mercis

289 2787 358 2875 xiij.
367 2808 394 2851 s.
410 2787 471 2873 iiij.
481 2785 515 2851 cl.
530 2789 615 2850 sicut
629 2789 816 2851 continetur
830 2789 963 2853 ibidem.

332 2917 380 2979 De
394 2915 504 2999 aliquo
530 2915 674 2979 subsidio
700 2917 910 3001 proveniente
925 2918 967 2981 de
982 2917 1090 3002 alique
1114 2921 1269 3003 pensione
1284 2921 1464 3005 aliquarum
1482 2941 1691 3004 personarum
1705 2919 1792 2982 infra

288 3006 482 3069 comitatum
507 3002 691 3085 predictum
716 3024 772 3086 per
795 3011 925 3088 tempus
950 3003 1138 3089 hujusmodi
1166 3011 1309 3092 compoti
1335 3029 1399 3072 non
1426 3009 1624 3092 respondent
1645 3029 1682 3071 eo
1704 3006 1789 3088 quod

289 3091 377 3155 nulle
391 3096 469 3154 sunt
483 3091 653 3174 pensiones
668 3091 708 3153 de
722 3091 867 3156 ecclesiis
882 3093 1036 3176 predictis
1047 3097 1272 3178 quoquomodo
1283 3102 1487 3181 emergentes
1498 3095 1582 3158 infra
1597 3096 1790 3158 comitatum

288 3178 484 3263 predictum,
498 3184 537 3241 ut
561 3177 676 3241 dicunt
699 3199 794 3262 super
819 3188 1057 3245 sacramentum
1081 3203 1188 3263 suurn,
1205 3184 1292 3248 sicut
1317 3185 1503 3248 continetur
1517 3183 1642 3246 ibidem
1656 3187 1690 3246 et
1706 3183 1790 3244 sicut

288 3268 473 3332 continetur
487 3265 522 3327 in
536 3266 676 3348 registro
690 3269 786 3351 regis.

331 3397 401 3460 Nec
423 3395 618 3477 respondent
643 3395 682 3458 de
707 3395 816 3479 aliquo
841 3397 987 3460 subsidio
1012 3401 1224 3482 proveniente
1248 3403 1288 3465 de
1312 3400 1447 3465 ecclesio
1473 3401 1514 3464 de
1541 3399 1729 3466 varruruo
1755 3397 1790 3460 in

288 3486 448 3550 mmitatu
462 3482 667 3545 Glouceslrie
680 3503 738 3546 seu
751 3483 792 3548 de
806 3485 940 3548 ecclesia
953 3485 994 3549 de
1010 3487 1122 3554 occur
1138 3509 1213 3552 cum
1229 3489 1355 3572 capella
1369 3489 1410 3553 de
1424 3489 1568 3554 Rownm
1579 3488 1614 3550 in
1630 3487 1791 3552 comitatu

290 3571 476 3648 Staffordie‚
490 3568 628 3653 eoquod
643 3570 730 3633 dicte
745 3572 877 3636 ecclesie
892 3591 951 3635 neo
976 3576 1126 3656 parochie
1151 3577 1326 3640 earundem
1352 3597 1416 3640 non
1442 3581 1520 3639 sunt
1545 3575 1682 3638 soituate
1707 3571 1791 3637 inira

288 3662 482 3725 comitatum
498 3656 666 3743 Wigornie
680 3678 740 3721 nec
754 3658 897 3743 aliquam
912 3659 1150 3728 districtionem
1164 3664 1288 3727 ibidem
1302 3669 1436 3747 possunt
1452 3662 1606 3741 invenire,
1621 3667 1660 3724 ut
1675 3661 1789 3724 dicunt

288 3756 350 3813 etc.
380 3767 417 3810 ac
447 3765 504 3831 pro
532 3765 570 3808 eo
599 3744 684 3829 quod
713 3748 876 3829 responsio
906 3754 956 3810 est
986 3751 1055 3832 regi
1085 3752 1119 3813 in
1151 3758 1299 3835 compoto
1328 3751 1539 3816 collectorum
1576 3751 1791 3812 comitatuum

289 3834 494 3900 Gloucestrie
509 3838 544 3895 et
559 3830 742 3896 Staffordie.

334 3963 392 4026 Set
417 3964 594 4024 onerentur
619 3979 716 4042 super
740 3964 928 4044 compotum
957 3961 998 4024 de
1025 3964 1086 4052 iiij.
1101 3967 1134 4030 li.
1161 3965 1203 4031 ix.
1217 3989 1242 4030 s.
1269 3965 1337 4052 viij.
1350 3965 1381 4029 d.
1413 3964 1454 4028 de
1484 3965 1690 4050 porcionibus
1721 3963 1789 4050 viij.

290 4050 482 4115 vicariarum
505 4044 589 4110 inira
614 4047 807 4111 comitatum
836 4047 1011 4133 Wigornie,
1035 4073 1097 4135 que
1122 4054 1252 4138 quidem
1280 4052 1395 4116 vicarie
1418 4053 1506 4116 inter
1532 4073 1565 4116 se
1581 4057 1734 4115 taxantur
1748 4052 1790 4114 ad

290 4137 428 4224 xliiij.li.
443 4134 542 4218 xvj.s.
559 4132 670 4220 vitto.
685 4155 741 4218 per
755 4155 890 4212 annum,
904 4137 1056 4202 videlicet
1080 4141 1119 4204 de
1145 4140 1346 4223 quibuslibet
1372 4163 1402 4206 x.
1420 4141 1536 4204 mercis
1560 4139 1630 4226 xiij.
1642 4163 1669 4208 s.
1685 4138 1789 4225 iiiju.

292 4247 348 4310 per
363 4227 456 4288 breve
470 4223 556 4307 regis
571 4221 765 4307 predictum,
782 4223 867 4286 sicut
881 4225 1070 4290 continetur
1085 4227 1218 4292 ibidem.

336 4357 379 4419 Et
393 4363 568 4420 onerantur
582 4374 677 4438 super
691 4361 879 4437 compotum
894 4355 934 4418 de
946 4353 1042 4440 liij.s.
1055 4355 1157 4443 iiijnt.
1170 4358 1211 4421 de
1224 4355 1411 4442 hujusmodi
1424 4355 1569 4419 subsidio
1584 4357 1794 4438 proveniente

292 4446 332 4508 de
347 4443 438 4508 bonis
452 4442 628 4506 mobilibus
642 4438 902 4504 inhabitsncium
917 4442 1084 4507 domicilia
1099 4447 1287 4508 tenencium
1303 4445 1389 4508 intra
1411 4443 1597 4526 parochiam
1612 4442 1650 4505 de
1666 4443 1793 4519 Hsnss,

291 4533 383 4620 cujus
397 4530 532 4596 ecclesia
545 4529 587 4592 ad
601 4529 644 4592 xl.
658 4549 781 4592 marcas
807 4536 939 4593 taxatur
965 4550 1023 4613 per
1039 4551 1174 4612 annum,
1189 4533 1343 4596 videlicet
1358 4531 1398 4596 de
1413 4530 1615 4615 quibuslibet
1630 4551 1659 4594 x.
1677 4529 1793 4593 marcis

291 4619 406 4683 annuis
421 4618 490 4704 xiij.
503 4641 529 4683 r.
546 4616 606 4702 iiij.
617 4617 649 4679 d.
665 4635 723 4699 per
738 4615 832 4679 breve
847 4619 931 4702 regis
947 4619 1171 4700 supradictum
1185 4621 1271 4684 sicut
1285 4620 1473 4683 continetur
1488 4617 1621 4681 ibidem.

335 4754 380 4816 Et
394 4755 568 4814 onerantur
582 4767 677 4830 super
691 4753 876 4830 compotum
891 4747 930 4810 de
945 4747 1014 4834 xiij.
1026 4772 1052 4814 c.
1068 4749 1130 4834 iiij.
1141 4751 1172 4814 d.
1188 4750 1229 4813 de
1253 4748 1400 4812 subsidio
1426 4747 1638 4828 contingente
1654 4742 1691 4828 ij.
1707 4744 1730 4808 f.
1746 4767 1792 4810 m.

293 4841 466 4912 Wolstani‚
500 4836 644 4920 episcopi
683 4835 935 4917 Wygorniensis,
964 4838 999 4897 in
1034 4836 1180 4902 Nonwvs
1203 4836 1218 4918 j
1269 4843 1303 4898 ta
1331 4836 1545 4912 Wroouursu,
1576 4832 1793 4910 Passennus,

292 4929 458 5003 Brennus,
482 4926 630 5000 Bnrnou,
658 4921 830 4998 Knrrsssv,
858 4922 1068 5002 Bnorrnsnsu
1096 4923 1331 5002 Tenovnorou,
1358 4924 1527 4988 Hsususv
1541 4919 1635 5006 juxta
1650 4919 1792 4999 Wrons,

291 5012 847 5089 Haarsnsusr,etAnvsos1ncss,
870 5008 1023 5073 videlicet
1049 5012 1089 5074 de
1116 5019 1255 5094 utroque
1282 5009 1450 5074 feodorum
1474 5007 1552 5092 vj.s.
1569 5005 1683 5090 viijnt.
1707 5006 1796 5070 sicut

292 5104 478 5165 continetur
492 5098 626 5163 ibidem.

722 5183 857 5247 Summa
871 5191 999 5267 recepte
1010 5185 1125 5250 :—clv.
1135 5187 1171 5249 li.
1187 5185 1245 5271 vij.
1256 5209 1281 5250 s.
1298 5185 1366 5271 id.

559 5301 641 5379 (tte
655 5301 753 5364 whole
767 5299 805 5380 os
815 5298 876 5363 this
891 5311 1024 5365 account
1039 5302 1067 5364 is
1083 5301 1239 5365 coucellcd
1253 5303 1288 5365 in
1304 5301 1353 5366 tbc
1369 5299 1531 5380 eripiunt.)
