4092 6117
901 559 1193 629 worumnus.

933 854 1068 914 taxatur
1083 850 1125 914 ad
1452 849 1632 914 subsidium

336 984 481 1047 Ecclesia
495 985 535 1047 de
549 987 619 1050 Arm
977 1007 1028 1051 xx.
1038 1008 1136 1052 encre.
1410 985 1496 1075 xxvj.
1506 1005 1532 1050 s.
1548 985 1617 1070 viij.
1628 986 1661 1050 ri.

409 1168 430 1199 .,
553 1123 761 1187 Taxnasuax
979 1145 1030 1188 xx.
1042 1145 1139 1188 marc.
1414 1123 1499 1207 xxvj.
1509 1145 1535 1186 e.
1551 1120 1620 1206 viij.
1630 1121 1661 1184 d.

409 1305 430 1334 ‚‚
552 1261 753 1324 hanauaasx
978 1259 1084 1344 iiijxi.
1101 1258 1143 1344 vj.
1153 1283 1179 1325 s.
1198 1259 1309 1344 viiju.
1412 1258 1490 1342 vj.s.
1509 1258 1619 1343 viiju.

409 1443 430 1474 ,‚
551 1397 691 1461 Esnusu
975 1419 1115 1462 amare.
1411 1396 1479 1482 xiij.
1490 1419 1516 1460 s.
1532 1395 1592 1479 iiij.
1602 1397 1633 1459 d.

409 1579 429 1608 ‚‚
550 1535 723 1600 Cirr-*mou
978 1557 1008 1598 ι.
1017 1557 1116 1602 oraro.
1412 1534 1481 1618 xiij.
1492 1557 1519 1599 s.
1536 1529 1636 1617 iiij.d.

409 1715 431 1745 ‚‚
551 1671 727 1737 Boccamu
975 1688 1007 1733 ι.
1017 1669 1051 1732 li.
1413 1689 1501 1732 xxc.

410 1848 430 1879 ‚‚
551 1805 699 1869 chouna
977 1800 1151 1886 viij.mcrc.
1412 1801 1490 1884 vj.e.
1506 1799 1577 1884 viij.
1589 1799 1620 1863 d.

409 1986 427 2018 ‚‚
549 1941 769 2007 Daxnnsroau
974 1936 1124 2021 vjharc
1411 1933 1570 2000 Nichil.<¹)

407 2121 430 2157 ,‚
550 2077 752 2142 Poaeauoaa
971 2073 1015 2157 vj.
1026 2096 1122 2140 rracrc.

408 2261 429 2290 „
551 2211 685 2277 Saaava
977 2230 1029 2275 xx.
1038 2231 1065 2273 s.

408 2396 429 2424 „
550 2345 759 2410 Lmoauooa
974 2343 1044 2428 xiij.
1055 2345 1088 2408 li.
1107 2342 1183 2425 vja.
1199 2343 1268 2429 viij.
1279 2342 1312 2408 d.
1412 2341 1531 2427 xxvia.
1548 2339 1654 2426 viiju.

408 2528 429 2560 ,‚
549 2484 761 2548 Rraaassoan
1027 2528 1034 2543 .
1060 2481 1079 2543 ’.
1191 2507 1196 2518 ·
1411 2475 1530 2541 Nichil.

407 2663 428 2694 „
550 2617 658 2682 Paavs
677 2618 760 2684 Sars

407 2797 428 2830 s,
548 2753 774 2820 Cuaawrxaua

407 2931 429 2958 ‚‚
551 2883 718 2948 Wsnxors
972 2879 1077 2966 iiij.li.
1094 2878 1169 2963 rja.
1186 2879 1295 2964 viiju.
1406 2878 1486 2962 vja.
1503 2877 1612 2964 viijc.

691 3118 912 3184 Huxoxanuu
936 3139 979 3185 ua
1002 3115 1395 3186 OSWOLDESLOWE.

333 3255 513 3339 Inquisicio
543 3261 639 3339 capta
669 3254 755 3339 apud
786 3253 998 3340 Wygorniam
1028 3254 1082 3318 die
1110 3253 1202 3318 Jovis
1239 3255 1386 3337 proxima
1424 3259 1497 3338 post
1532 3251 1654 3315 fertum
1684 3249 1801 3314 Sancti

289 3341 459 3406 Michaelis
483 3361 569 3405 anno
594 3344 688 3424 regni
711 3342 798 3426 regis
824 3341 961 3406 Henrici
986 3343 1072 3406 sexti
1098 3348 1171 3426 post
1196 3348 1410 3426 conquestum
1437 3341 1497 3426 vij⁰
1518 3359 1626 3403 coram
1640 3337 1801 3402 Eduardo

290 3429 470 3514 Hambury,
496 3429 661 3494 Willelmo
687 3430 782 3514 Tyso,
812 3429 976 3495 Willelmo
1005 3428 1173 3516 Wyphcur,
1200 3428 1350 3493 Johanne
1381 3427 1510 3491 Pursuil
1541 3433 1576 3490 et
1606 3426 1700 3489 sociis
1730 3426 1799 3488 suis

287 3517 515 3581 collectoribus
545 3517 682 3581 subsidii
712 3516 941 3600 parochiarum
970 3537 1008 3580 ac
1038 3515 1205 3580 feodorum
1235 3515 1382 3580 militum
1412 3515 1497 3578 infre
1526 3513 1731 3578 hundredum
1756 3511 1798 3574 de

289 3604 532 3669 Oswoldeelowe
547 3606 615 3688 regi
632 3624 719 3668 nuno
735 3605 770 3667 in
785 3604 906 3666 ultimo
931 3603 1148 3687 parliamento
1165 3624 1223 3667 sno
1238 3609 1302 3668 eso.
1318 3602 1472 3679 concessi,
1487 3623 1542 3685 per
1558 3605 1797 3664 sacramentum

288 3691 447 3756 Johannis
474 3691 648 3774 Estynton,
676 3691 837 3754 Guidonis
864 3689 1016 3773 spenser,
1044 3690 1204 3755 Johannis
1229 3690 1424 3769 Wodcwnrd
1443 3688 1599 3752 Wiliclmi
1625 3687 1795 3771 Ahyndon,

286 3779 308 3842 J
309 3779 446 3843 ohannis
463 3778 578 3857 Mulie,
591 3776 754 3841 Johannis
769 3777 858 3856 BoIe,
873 3777 1031 3841 Wilielmi
1047 3776 1170 3862 Sulley‚
1186 3777 1347 3842 Johannis
1362 3774 1504 3855 Wnlshe,
1519 3775 1541 3838 J
1542 3776 1679 3840 ohannis
1694 3773 1795 3853 More,

289 3866 448 3929 willelmi
464 3865 602 3945 Gerard,
620 3865 755 3928 Roberti
769 3865 892 3943 Hethe,
909 3871 945 3928 et
959 3863 1096 3929 Walteri
1111 3865 1336 3950 Erymenhull,
1352 3866 1408 3949 qui
1423 3865 1538 3928 dicunt
1552 3863 1638 3948 quod
1652 3887 1705 3928 :-

330 4052 529 4129 wolstanus
564 4052 735 4135 episcopus
773 4051 1030 4137 Wygornicnsis,
1068 4058 1161 4116 tenet
1198 4053 1234 4137 ij.
1266 4051 1288 4117 f.
1322 4073 1368 4117 m.
1406 4051 1441 4114 in
1478 4051 1668 4118 Noarrrwxx
1699 4050 1797 4134 juxta

286 4141 507 4217 wasconum,
535 4140 726 4217 Phanaeus,
753 4138 916 4218 Rmnxau,
943 4139 1093 4217 Biennos,
1122 4140 1294 4218 Kauasax,
1321 4140 1533 4217 Buoxnaaax‚
1561 4139 1795 4216 Taamorou,

286 4229 453 4294 Hauaum
473 4227 570 4311 juxta
593 4225 757 4305 Wscsau,
783 4226 1015 4305 Haamnanax,
1042 4233 1077 4290 et
1103 4229 1363 4306 huvaoauucan
1391 4247 1455 4311 que
1481 4227 1718 4311 predecessores
1744 4229 1794 4290 sni

287 4315 450 4401 qnondam
464 4321 654 4378 tenuerunt.

326 4451 493 4516 iohannes
518 4449 634 4514 Blokle
658 4457 750 4514 tenet
768 4450 797 4534 j.
812 4450 836 4516 f.
852 4472 899 4516 m.
927 4452 963 4514 in
993 4451 1124 4530 Domus,
1153 4451 1240 4538 qnod
1265 4449 1435 4516 iohannes
1465 4451 1602 4516 Dabitot
1631 4452 1794 4535 quondam

284 4542 398 4691 §pipp
414 4539 722 4710 pbpkeppocpiecopo
747 4537 973 4623 wigorniensi,
1000 4539 1088 4622 quod
1115 4545 1166 4604 est
1194 4538 1335 4622 parcella
1362 4559 1433 4606 ιιι.
1449 4538 1474 4604 f.
1491 4538 1535 4606 di.
1560 4547 1727 4604 tentorum
1755 4541 1796 4602 de

327 4764 486 4829 Ricardus
501 4765 542 4828 de
556 4762 649 4827 Bello
663 4760 795 4845 Campo,
811 4782 920 4827 comcs
938 4762 1130 4843 warrewici,
1153 4742 1247 4828 tenet
1270 4763 1299 4848 j.
1316 4763 1338 4828 i.
1357 4785 1402 4829 m.
1419 4766 1454 4828 in
1481 4766 1581 4832 Mosa
1605 4771 1640 4831 ci
1655 4767 1792 4844 Prosus,

284 4852 369 4938 quod
384 4850 525 4917 Thomas
539 4851 580 4914 de
596 4849 690 4913 Bello
703 4847 837 4933 Campo,
852 4871 957 4934 nuper
971 4871 1079 4914 eomes
1093 4850 1294 4929 Warrerrici,
1309 4853 1473 4935 quondam
1489 4855 1609 4920 tenuit.

327 4991 457 5074 Agncta
484 4989 723 5055 Throkmerion
753 4995 789 5052 et
816 4988 959 5054 Thomas
995 4990 1194 5055 Serchesden
1227 4996 1343 5055 tenent
1374 4991 1421 5055 di.
1451 4991 1474 5056 f.
1506 5011 1552 5055 m.
1582 4991 1616 5052 in
1653 4989 1793 5055 Lauonn

283 5077 553 5232 ffifflfflm
568 5077 750 5146 Willelmns
775 5076 863 5141 filius
887 5077 1050 5142 Johannis
1075 5078 1117 5141 de
1143 5079 1273 5142 Lenche
1301 5085 1335 5144 et
1362 5078 1541 5163 parcenarii
1564 5079 1614 5142 sni
1630 5076 1791 5162 quondam

539 5344 627 5408 ¹Qnia
637 5345 665 5396 in
676 5343 752 5396 nulla
760 5343 907 5396 amandam
918 5343 1104 5410 parochiarum
1116 5358 1170 5398 non
1184 5346 1303 5398 existunt
1312 5363 1338 5402 ι.
1352 5346 1540 5400 inhabitantes.
