4092 6117
903 569 986 634 al).
1013 572 1108 635 1428.
1698 566 1761 633 av1

295 853 462 920 Johannes
477 856 609 920 Burdon
626 862 720 921 tenet
735 861 926 941 inmediate,
944 860 984 924 de
1006 882 1070 941 quo
1087 861 1137 924 vel
1160 862 1200 923 de
1225 861 1344 945 quibus
1370 863 1531 946 ignorant,
1547 868 1636 923 certa
1658 864 1760 923 terras

252 948 541 1112 {ppteipzmleptanin
560 945 743 1024 Suauunon,
760 967 823 1030 que
838 969 942 1032 nuper
957 949 1092 1012 fuerunt
1109 948 1240 1012 Rcberti
1259 947 1400 1028 Burdon,
1418 968 1476 1029 per
1491 948 1663 1011 servicium
1678 967 1761 1012 ncnc

297 1167 478 1234 Willelmus
493 1169 623 1248 Pallon,
640 1170 794 1249 chivaler,
810 1177 904 1234 tenet
918 1172 1098 1235 inmediate
1123 1171 1163 1235 de
1188 1171 1354 1235 abbatissa
1369 1170 1525 1238 Wiltonie
1551 1176 1639 1234 certa
1663 1179 1761 1234 terras

252 1265 286 1316 et
300 1263 491 1320 tenemente
505 1259 540 1319 in
557 1258 659 1335 0111,
676 1278 739 1340 que
752 1278 858 1358 nuper
873 1257 1006 1322 luerunt
1021 1259 1182 1323 Johnnnis
1199 1259 1328 1337 Pallon,
1345 1279 1402 1342 per
1422 1259 1593 1320 servicium
1610 1259 1655 1322 di.
1672 1259 1695 1324 f.
1712 1280 1758 1323 m.

297 1392 442 1456 Heredes
467 1393 628 1459 Johannis
657 1394 818 1480 Skyllyng
842 1405 956 1460 111111
983 1399 1169 1476 inmediate,
1185 1398 1225 1460 de
1253 1419 1315 1483 quo
1333 1397 1383 1460 vel
1398 1398 1439 1460 de
1461 1398 1578 1481 quibus
1600 1398 1760 1482 ignorant,

253 1488 340 1542 certa
362 1488 464 1544 terras
489 1490 522 1546 et
551 1491 736 1546 tenementa
759 1486 794 1547 in
810 1485 981 1562 Hunnora,
997 1505 1060 1569 quc
1078 1505 1181 1568 nuper
1196 1484 1327 1548 fuerunt
1343 1485 1363 1548 J
1366 1484 1500 1548 ohannis
1515 1484 1686 1568 Skyllyng,
1703 1505 1760 1569 per

255 1568 425 1631 servicium
440 1579 528 1633 sexte
544 1571 646 1654 partis
661 1591 715 1636 nn.
731 1571 753 1636 f.
770 1593 815 1636 m.

299 1705 793 1786 1111111111Ρ111ο1,111111111,
810 1706 1001 1772 etMiehnel
1028 1707 1190 1796 Skyllyng
1215 1715 1330 1772 111111
1356 1709 1545 1788 inmediate,
1568 1710 1608 1772 de
1630 1729 1693 1793 quc
1708 1711 1761 1773 vel

255 1792 296 1855 de
320 1793 438 1878 quibus
462 1796 626 1878 ignorant,
643 1807 731 1857 certa
757 1805 860 1857 terras
885 1800 919 1859 et
946 1801 1134 1860 tenementa
1159 1799 1193 1860 in
1219 1797 1406 1876 1111111111,
1433 1818 1495 1881 que
1509 1817 1612 1880 nuper
1626 1799 1760 1860 fuerunt

254 1878 415 1943 Jchanuis
429 1881 491 1943 filii
507 1881 643 1966 Pagasai,
659 1902 716 1963 per
730 1883 902 1945 servicium
918 1903 974 1948 un.
991 1885 1014 1949 f.
1031 1905 1076 1948 m.

299 2015 461 2078 Henricus
498 2017 539 2078 de
576 2015 609 2078 la
647 2013 674 2075 F
674 2007 746 2097 clye
784 2020 877 2078 tenet
912 2018 947 2078 in
986 2020 1114 2104 socagic
1152 2025 1240 2081 certa
1278 2026 1379 2081 terras
1416 2025 1452 2081 et
1488 2023 1678 2081 tenementa
1725 2018 1760 2079 in

257 2101 531 2168 Bvcsnnns‘rosa,

299 2240 474 2320 Walterns,
490 2239 641 2303 dominus
656 2238 875 2321 Hungerlord,
892 2249 985 2304 tenet
1001 2241 1195 2319 inmediate,
1212 2241 1330 2324 dequo
1347 2241 1395 2303 vel
1411 2240 1450 2303 de
1466 2241 1584 2324 quibus
1598 2242 1762 2324 ignorent,

256 2337 341 2389 certa
356 2334 458 2390 terras
473 2338 508 2392 et
522 2332 713 2390 tenemento
728 2346 763 2387 rn
779 2327 1012 2406 Rusrasnann,
1030 2350 1093 2412 que
1117 2350 1222 2412 nuper
1248 2329 1380 2390 fuerunt
1396 2327 1528 2410 lloberri
1543 2327 1763 2413 Hungerford,

257 2412 384 2491 militis,
400 2435 459 2499 per
473 2414 645 2478 servicium
661 2419 775 2496 quarte
789 2416 890 2496 partis
905 2435 963 2481 uu.
980 2415 1003 2482 f.
1020 2437 1065 2481 m.

302 2553 444 2616 Heredes
468 2550 592 2615 ‘l'hcme
615 2551 655 2612 de
680 2548 819 2612 Aldham
845 2557 962 2614 tenent
988 2553 1171 2616 inmediate
1196 2558 1286 2615 certa
1318 2560 1419 2615 terras
1448 2559 1482 2614 et
1511 2559 1698 2616 tenemento
1727 2558 1761 2616 in

181 2697 184 2705 .
258 2639 500 2740 Maurncsonn,
517 2660 579 2788 qufe
605 2658 708 2722 nuper
733 2639 866 2700 fuerunt
894 2638 1032 2702 Henrici
1048 2637 1196 2703 Bouham
1221 2640 1254 2702 in
1272 2639 1502 2722 Manynglnrd
1518 2660 1576 2722 per
1592 2642 1763 2705 servicium

259 2736 349 2792 sente
364 2737 467 2810 partia
483 2747 538 2789 un.
569 2746 640 2791 .m.

302 2863 472 2926 abbatissa
487 2863 527 2926 de
541 2861 673 2944 Wylton
690 2864 781 2926 tenet
805 2861 989 2926 inmediate
1015 2863 1055 2926 de
1078 2883 1154 2949 rege
1181 2864 1231 2928 i.c.
1250 2870 1338 2926 certa
1354 2875 1458 2928 terres
1474 2867 1508 2926 et
1522 2870 1712 2928 tenementa
1727 2867 1761 2928 in

260 2950 433 3016 Sraunnon
449 2964 483 3012 ct
498 2951 643 3016 Wrnnon
666 2947 706 3010 de
728 2947 861 3010 baronia
883 2969 941 3012 sua
960 2953 994 3012 in
1018 2972 1133 3034 puram
1150 2951 1372 3030 elemosinam,
1388 2959 1421 3012 et
1437 2950 1533 3012 solvit
1547 2950 1691 3015 decimas
1706 2974 1763 3037 pro

257 3039 392 3116 eisdem,
408 3037 538 3120 quaudo
553 3037 678 3098 decime
693 3043 841 3099 currunt.

301 3171 393 3234 Prior
407 3170 520 3234 Sancti
536 3169 692 3234 Swithini
707 3171 802 3232 tenet
816 3167 997 3231 inmediate
1012 3167 1053 3230 de
1068 3167 1201 3230 (1οωί1ο
1216 3186 1291 3250 rege
1309 3173 1397 3229 certa
1410 3171 1512 3229 terras
1528 3176 1562 3230 11
1578 3175 1766 3233 tenemeula

259 3260 294 3320 in
311 3260 446 3324 Auaron
473 3261 508 3321 iu
532 3277 647 3341 puram
672 3257 899 3333 elemosinam,
917 3262 950 3318 et
975 3254 1074 3318 solvit
1099 3253 1241 3317 decimas
1265 3272 1323 3336 pro
1345 3253 1479 3330 eisdem,
1496 3255 1624 3337 quando
1639 3254 1765 3320 decime

259 3353 403 3410 currunt.

304 3482 394 3545 Prior
408 3484 449 3545 de
464 3479 706 3546 Bradenestdke
722 3487 811 3543 tenet
827 3480 1006 3543 inmediate
1021 3479 1063 3541 de
1077 3478 1211 3541 domino
1225 3497 1302 3562 rege
1317 3481 1404 3541 certa
1420 3485 1520 3540 terras
1533 3487 1565 3540 et
1578 3485 1765 3543 tenementa

260 3573 293 3632 in
310 3571 474 3637 Wrncora
501 3570 534 3631 in
565 3588 680 3651 puram
702 3568 924 3645 elemosinam,
949 3571 984 3628 et
1000 3565 1094 3628 solvit
1113 3566 1257 3628 decimas
1273 3585 1329 3647 pro
1345 3566 1478 3642 eisdem,
1495 3565 1624 3647 quando
1639 3565 1763 3630 decime

259 3665 404 3720 currunt.

303 3793 409 3856 Abbes
424 3794 465 3856 de
480 3792 577 3876 Hyde
591 3802 682 3855 tenet
697 3790 879 3854 inmediate
893 3790 934 3853 de
949 3790 1080 3853 domino
1096 3809 1170 3871 rege
1187 3789 1240 3853 ia.
1258 3795 1345 3850 certa
1360 3791 1462 3851 terras
1478 3795 1511 3850 et
1525 3794 1715 3852 tenementa
1730 3791 1765 3852 in

261 3879 493 3946 vauesoan
515 3884 549 3941 in
576 3899 692 3963 puram
713 3878 935 3956 elemosinam,
951 3883 985 3940 et
1001 3877 1100 3940 solvit
1114 3876 1257 3938 decimas
1273 3895 1331 3959 pro
1347 3875 1479 3953 eisdem,
1496 3876 1625 3960 quando
1641 3877 1767 3940 decime

261 3977 404 4032 currunt.

241 4077 253 4102 ⁰
305 4104 489 4172 Willelmus
513 4102 641 4188 Floyer,
669 4110 702 4165 et
726 4103 898 4165 Themesia
922 4123 1001 4164 uxor
1027 4101 1109 4186 ejus,
1134 4105 1250 4163 teuent
1277 4097 1466 4176 inmediate,
1490 4097 1531 4162 de
1557 4119 1622 4183 quo
1648 4100 1698 4163 vel
1724 4102 1765 4164 de

260 4191 378 4276 quibus
400 4193 562 4276 ignorant,
579 4200 668 4253 certa
689 4195 790 4252 terras
813 4202 846 4252 et
872 4196 1060 4252 tenemento
1085 4191 1118 4251 in
1135 4189 1398 4264 vaannssoan,
1416 4205 1480 4270 que
1505 4207 1610 4269 nuper
1633 4191 1766 4251 fuerunt

262 4280 393 4345 Ricardi
408 4279 624 4362 Dannteseye‚
639 4297 697 4360 per
712 4277 884 4340 servicium
900 4277 1002 4339 tercie
1017 4278 1119 4360 pertis
1132 4295 1188 4339 un.
1206 4273 1230 4340 f.
1247 4295 1292 4338 m.

263 4416 448 4572 WHeredes
471 4415 637 4481 Edmundi
663 4416 703 4480 de
728 4415 844 4479 Bohun
870 4416 1044 4480 11111111
1067 4415 1195 4498 socagio
1222 4417 1309 4475 certa
1328 4409 1461 4495 (temes)
1476 4415 1511 4474 11
1525 4416 1715 4478 tenemento
1730 4415 1766 4478 in

303 4525 524 4570 svannssoan.

307 4633 328 4696 J
330 4631 473 4697 ohannes
489 4632 576 4717 Bryd
592 4639 684 4697 tenet
698 4655 755 4717 per
770 4632 962 4718 serjantiam
977 4640 1068 4695 certa
1085 4637 1185 4693 terras
1199 4633 1235 4691 et
1249 4633 1438 4690 tenementa
1453 4627 1487 4690 iu
1512 4627 1691 4708 Hennes,
1707 4650 1770 4715 que

263 4741 368 4804 nuper
382 4723 513 4784 fuerunt
529 4720 618 4785 Petri
635 4720 798 4805 Doignell.

307 4851 475 4930 Kateriua,
490 4853 602 4934 regina
616 4850 746 4936 Anglie,
764 4856 856 4914 11111
878 4850 913 4913 11
936 4851 1076 4934 socagio,
1094 4848 1134 4910 de
1149 4866 1213 4930 quo
1227 4845 1279 4907 vel
1302 4845 1343 4907 de
1360 4843 1479 4929 quibus
1501 4845 1666 4928 ignorant,
1683 4854 1769 4909 certa

263 4943 365 5003 terras
388 4949 423 5002 et
449 4947 640 5004 tenementa
662 4942 696 5001 in
726 4939 919 5017 Uanavsun,
946 4958 1010 5023 que
1035 4955 1141 5019 nuper
1164 4934 1299 4996 suerunt
1325 4934 1456 4994 comitis
1480 4931 1686 5012 Herefcrdie,
1713 4953 1769 5017 per

262 5027 428 5090 redditum
444 5031 542 5090 unius
556 5027 732 5109 esparverii
747 5045 942 5110 perannum
957 5045 1015 5108 pro
1030 5021 1181 5086 omnibus
1197 5021 1355 5084 serviciis.

303 5163 465 5243 Johanna,
480 5165 593 5248 regina
609 5163 738 5248 anglie,
751 5171 844 5226 tenet
857 5165 892 5226 in
908 5164 1019 5226 dotem
1033 5165 1122 5224 certa
1136 5167 1238 5222 terras
1253 5166 1289 5220 et
1305 5161 1491 5220 tenementa
1505 5157 1539 5219 in
1556 5157 1767 5238 Ouaunnnou,

258 5270 321 5333 qne
343 5261 422 5315 sunt
446 5251 586 5336 parcelle
614 5253 775 5332 prioratus
800 5251 840 5314 de
869 5249 1031 5332 Upchirch
1060 5247 1247 5332 alienigeni,
1267 5265 1322 5328 pro
1347 5243 1466 5325 quibus
1493 5245 1591 5309 solvit
1613 5245 1767 5326 decimas,

263 5339 391 5417 quando
406 5339 531 5405 decime
545 5345 691 5406 currunt.
