4092 6117
859 584 944 656 ab.
968 589 1065 657 1428.
1644 592 1706 661 149

252 872 403 937 Heredes
418 872 579 936 Willelmi
605 871 837 958 Cessyngbam,
853 873 1004 938 videlicet
1028 875 1186 939 Ricardus
1211 876 1311 956 Dens,
1326 876 1512 940 Willelmus
1537 874 1710 959 Stopham,

208 961 472 1115 Haffldir’rblddr
486 960 569 1046 ejus,
584 965 698 1025 tenent
725 961 884 1044 equaliter
909 964 1086 1045 separatim
1110 963 1197 1026 inter
1219 985 1253 1028 se
1278 964 1413 1027 terciam
1428 968 1556 1047 partem
1572 964 1594 1028 f.
1610 984 1657 1029 m.
1672 964 1709 1025 in

254 1186 360 1249 Abbas
374 1186 413 1249 de
428 1184 531 1248 Ponte
546 1184 680 1248 Roberti
694 1191 785 1249 tenet
808 1186 844 1271 ij.
860 1187 884 1251 f.
901 1186 934 1247 in
964 1187 1094 1254 Suanos
1121 1187 1162 1251 de
1188 1188 1334 1253 manerio
1357 1208 1414 1253 suo
1440 1188 1481 1251 de
1505 1187 1647 1251 Sandone
1674 1190 1709 1251 et

209 1273 324 1336 dicunt
338 1273 426 1359 quod
441 1273 567 1336 dictum
582 1275 767 1337 manerium
782 1279 916 1336 taxatur
931 1274 972 1336 ad
987 1274 1160 1339 decimam.

256 1412 303 1474 Dc
317 1412 355 1496 ij.
370 1411 395 1476 f.
412 1433 457 1476 m.
473 1413 508 1473 in
524 1412 685 1477 Pannona
699 1410 865 1496 quondam
889 1410 1004 1474 Jacobi
1028 1413 1070 1475 de
1094 1412 1318 1497 Eehyngham,
1332 1411 1471 1477 Thomas
1494 1412 1708 1495 thyngham

209 1507 303 1562 tenet
331 1499 378 1563 di.
403 1500 425 1561 f.
452 1509 486 1561 et
517 1504 670 1561 tenentes
694 1500 757 1573 sui,
781 1498 937 1562 videlicet
965 1496 1102 1562 heredes
1133 1499 1268 1563 Roberti
1296 1498 1547 1585 Lodgareshale,
1576 1501 1709 1564 heredes

197 1586 346 1649 Habenti
362 1586 491 1661 Warde,
505 1585 637 1649 heredes
653 1584 808 1648 Willelmi
823 1584 939 1669 Cosyn,
966 1586 1118 1649 Ricardus
1145 1584 1301 1663 Rakkele,
1327 1586 1490 1650 lohannes
1515 1593 1586 1650 atte
1610 1587 1709 1665 Nore,

211 1674 366 1735 Ricardus
381 1672 556 1735 Somerdon
579 1678 693 1735 tenent
710 1678 827 1734 terram
841 1673 882 1735 de
898 1674 1137 1751 Hunnnsnonm
1158 1672 1339 1737 Willelmus
1354 1680 1422 1737 atte
1438 1673 1570 1750 Combe,
1584 1676 1709 1737 Amisia

211 1761 317 1839 Helle,
335 1754 490 1822 Willelmi
505 1758 675 1837 Poteman‚
692 1757 827 1822 heredes
849 1760 891 1823 de
914 1759 1094 1843 Crowlynk,
1113 1760 1295 1823 Willelmus
1319 1760 1482 1846 Goldyng,
1506 1766 1540 1823 et
1567 1761 1626 1824 alii
1651 1762 1708 1843 qui

210 1848 320 1931 plures
334 1854 450 1911 tenent
464 1848 551 1910 inter
566 1867 599 1910 se
614 1848 789 1929 separatim
803 1845 829 1932 j.
846 1847 869 1909 f.
885 1852 919 1910 et
933 1848 978 1912 di.
1024 1848 1067 1909 Et
1083 1868 1147 1910 non
1164 1848 1282 1930 aliquis
1298 1853 1360 1914 eto.

257 1987 295 2050 In
310 1987 405 2071 cujus
419 1987 467 2049 rei
483 1986 711 2049 testimonium
725 1992 788 2050 eto.

742 2124 814 2202 (See
827 2124 895 2189 also
909 2124 1013 2204 below,
1028 2146 1061 2208 p.
1078 2126 1165 2202 171.)

701 2338 837 2449 *mnus
859 2385 904 2429 ns
926 2361 1223 2451 assumens]

259 2503 436 2588 Inquisicio
461 2506 556 2583 oapta
580 2499 668 2582 apud
696 2499 825 2563 Bellum
850 2499 903 2562 die
927 2500 1019 2563 hune
1035 2502 1181 2583 proxima
1199 2508 1267 2585 post
1290 2502 1413 2565 festum
1429 2501 1575 2585 Corporis
1591 2503 1712 2568 Christi

217 2614 299 2654 anno
314 2592 406 2675 regni
421 2589 507 2672 regis
522 2587 655 2651 Henrici
671 2589 756 2650 sexti
772 2594 847 2671 post
861 2594 1075 2669 conquestum
1091 2596 1183 2652 sexto
1197 2610 1306 2652 coram
1335 2589 1433 2652 Petro
1457 2590 1569 2673 Oolyn,
1585 2592 1713 2653 Andrea

219 2679 302 2742 Peke
326 2687 359 2741 et
386 2676 481 2739 sociis
507 2676 586 2754 suis,
600 2676 884 2737 commissionariis
906 2685 942 2737 et
964 2675 1191 2739 collectoribus
1207 2676 1345 2740 subsidii
1361 2677 1383 2741 f.
1399 2698 1444 2742 m.
1461 2678 1564 2741 eidem
1582 2678 1713 2741 domino

160 2803 163 2806 ·
219 2768 288 2851 regi
304 2766 337 2828 in
355 2763 474 2826 ultimo
491 2782 548 2824 suo
561 2761 775 2844 parliamento
790 2761 876 2844 apud
894 2762 1221 2825 Westmonasterium
1236 2769 1327 2827 tento
1352 2785 1372 2825 a
1395 2764 1487 2827 laicis
1510 2767 1652 2827 concessi
1677 2766 1713 2826 in

217 2856 377 2916 comitatu
401 2851 546 2932 predicto
571 2849 740 2931 deputatis
763 2848 803 2911 de
826 2848 929 2911 feodis
953 2849 1099 2911 militum
1123 2851 1207 2913 infra
1233 2872 1348 2934 rapum
1364 2851 1404 2913 de
1421 2852 1608 2935 Hastynges
1624 2858 1658 2914 et
1673 2852 1714 2915 de

218 2941 361 3025 personis
384 2937 505 3000 seisitis
529 2941 564 2999 et
590 2936 834 3018 possessionatis
859 2938 894 2997 in
917 2936 1040 2998 eisdem
1067 2942 1163 3019 prout
1189 2938 1326 3001 inferius
1340 2940 1526 3001 continetur
1541 2939 1581 3001 de
1596 2938 1714 3022 quibus

218 3048 347 3093 necesse
383 3024 483 3087 fuerit
518 3024 752 3107 inquirendum
789 3042 846 3104 per
881 3030 1122 3086 sacramentum
1159 3023 1319 3087 Johannis
1356 3024 1527 3102 Penherst‚
1557 3024 1715 3089 Johannis

218 3118 385 3196 Maresyn,
399 3111 537 3174 Jervasii
554 3110 662 3188 Alard,
680 3110 885 3173 Willelmum
908 3116 978 3173 atte
1004 3110 1117 3187 Wode,
1142 3099 1302 3175 Johaunis
1328 3112 1533 3189 Notebrowu‚
1556 3112 1715 3176 Johannis

85 3256 95 3274 .
219 3202 390 3277 Kekwode,
403 3196 561 3262 Johannis
575 3196 736 3275 Penbrolr,
753 3196 965 3260 Valentinum
981 3197 1084 3279 Mory‚
1100 3196 1260 3261 lobannis
1275 3200 1433 3279 Bartelot,
1449 3200 1571 3263 Thome
1594 3199 1714 3278 Frend‚

216 3291 340 3355 Thome
355 3293 425 3438 abbe
440 3286 516 3362 Lee,
529 3290 565 3348 et
578 3284 736 3348 Johannis
752 3282 940 3367 Wylrherst,
954 3285 1010 3366 qui
1026 3306 1100 3348 vero
1110 3285 1215 3368 jurati
1231 3287 1348 3349 dicunt
1363 3306 1460 3369 super
1477 3292 1714 3351 sacramentum

219 3396 314 3443 suum
329 3395 376 3459 qu
426 3396 480 3437 :-

261 3536 428 3603 lohannes
455 3531 591 3597 Pelham
616 3538 707 3599 tenet
734 3532 902 3597 baroniam
927 3532 967 3596 de
995 3531 1195 3597 Hasnunoss
1224 3548 1282 3611 pro
1305 3526 1343 3613 ij.
1369 3529 1393 3592 t.
1417 3531 1451 3591 et
1481 3527 1528 3591 di.
1552 3525 1717 3612 quondam

219 3626 241 3690 J
242 3626 378 3691 ohannis
391 3622 514 3685 Gaunt.

262 3764 402 3826 Thomas
431 3757 637 3837 Irewlrenore,
665 3758 771 3834 miles,
801 3764 836 3823 et
865 3762 1014 3821 tenentes
1043 3757 1106 3831 sui,
1132 3753 1282 3817 videlicet
1314 3752 1504 3835 Radulphus
1535 3751 1719 3830 Shoswelle,

221 3850 378 3914 Ricardus
401 3854 472 3911 atte
498 3846 609 3921 Melle,
631 3846 790 3908 Robertus
815 3845 999 3922 Luterford,
1027 3842 1210 3904 Willelmus
1233 3840 1373 3919 Russell,
1400 3840 1547 3922 Rogerus
1578 3840 1717 3923 Stylere,

221 3938 365 4023 Rogems
394 3934 543 4013 Stevene,
575 3931 762 4014 Stephanus
793 3931 987 4009 Wodeselle‚
1015 3928 1155 3993 Thomas
1193 3927 1341 4013 Petyjon,
1377 3928 1498 4011 junior,
1535 3926 1720 4009 Stephanus

222 4023 416 4101 Crouchare,
443 4021 608 4085 lohannes
634 4018 831 4096 Orowcbere,
854 4018 1017 4082 lohannes
1042 4018 1176 4099 Averay,
1204 4014 1362 4078 Robertus
1389 4014 1526 4098 Degher,
1556 4013 1721 4078 iohannes

223 4114 338 4188 Adam,
365 4111 458 4173 heres
483 4106 643 4189 Stephani
658 4112 728 4171 atte
743 4105 879 4184 Stolrke,
895 4105 988 4169 heres
1011 4104 1171 4169 Johannis
1192 4108 1262 4165 atte
1286 4100 1422 4177 Stokke,
1449 4100 1636 4185 Stephanus
1650 4106 1720 4165 atte

222 4202 354 4275 Levere,
381 4197 519 4258 Thomas
544 4201 614 4256 atte
640 4193 769 4271 Levere,
795 4194 956 4260 Robertus
971 4191 1165 4268 Wodeselle‚
1192 4188 1376 4271 Stephanus
1391 4188 1582 4265 Wodeselle‚
1599 4188 1722 4251 Alanus

222 4286 330 4370 Sprot,
361 4282 546 4366 Stephanus
576 4286 645 4344 atte
677 4281 789 4359 Wode‚
821 4280 1007 4343 Willelmus
1045 4280 1209 4353 Stouacm,
1240 4274 1331 4338 heres
1367 4272 1526 4337 Jobannis
1564 4274 1720 4358 Symkyn,

225 4374 386 4437 Robertus
412 4366 637 4453 Bedyngham,
663 4367 819 4430 Ricardus
846 4365 1018 4444 Colbrond,
1045 4366 1135 4429 heres
1151 4362 1308 4427 Johannis
1325 4361 1494 4440 Colbrond,
1522 4363 1720 4447 Reginaldus

222 4460 373 4537 Mashon,
390 4457 501 4520 Simon
516 4463 588 4517 atte
602 4454 730 4537 Thylle,
747 4455 908 4517 Henricus
936 4454 1043 4530 Stout,
1066 4451 1229 4515 lohannes
1255 4448 1433 4532 Skyppere,
1459 4450 1562 4511 Lucas
1589 4448 1718 4530 Smyth,

224 4547 409 4615 Willelmus
423 4550 495 4607 atte
510 4541 618 4619 Halle,
633 4550 669 4604 et
684 4542 742 4604 ahi
757 4548 872 4605 tenent
887 4541 1027 4625 quinque
1050 4538 1073 4604 f.
1090 4544 1124 4601 et
1138 4538 1184 4602 di.
1200 4538 1234 4598 in
1250 4536 1440 4603 Woannrno
1457 4542 1490 4598 et
1508 4536 1717 4613 Souannasn,

223 4632 386 4719 quondam
417 4628 540 4693 Thome
577 4629 618 4691 de
657 4629 739 4707 Hoo,
768 4628 856 4691 unde
893 4628 981 4691 idem
1017 4626 1158 4688 Thomas
1195 4624 1388 4686 Lewkenore
1426 4624 1556 4687 seisitus
1596 4630 1647 4685 est
1685 4633 1719 4685 et

221 4722 476 4805 possessionatus
491 4718 525 4779 in
540 4715 566 4801 j.
583 4712 605 4778 1.
623 4736 737 4797 perse.
784 4717 828 4778 Et
842 4715 982 4798 predicti
997 4718 1146 4776 tenentes
1162 4711 1316 4773 similiter
1330 4731 1404 4773 cum
1431 4711 1504 4772 aliis
1530 4710 1720 4774 tenemibus

223 4812 335 4873 tenent
349 4807 437 4868 inter
452 4824 486 4868 se
501 4802 677 4886 separatim
691 4803 756 4866 alia
770 4802 848 4887 iiij⁰¹
866 4803 889 4867 s.
907 4807 942 4865 et
955 4801 1001 4865 di.
1013 4808 1047 4863 et
1063 4819 1128 4862 non
1143 4808 1194 4862 est
1209 4798 1328 4881 aliquis
1344 4803 1406 4861 eto.

266 4944 427 5007 Dominus
449 4941 490 5003 de
515 4936 731 5022 Echyngham
755 4942 790 4999 et
812 4941 963 4999 tenentes
984 4936 1045 5012 sui,
1061 4934 1215 4998 videlicet
1229 4932 1393 4995 Johannee
1408 4930 1570 5008 Loufibrd,
1586 4930 1721 4993 Isabella

227 5031 386 5107 Belherst,
402 5027 586 5095 Willelmus
612 5023 796 5102 Shoswelle,
812 5022 997 5090 Willelmus
1023 5022 1194 5099 Hermone,
1209 5020 1330 5082 Alanus
1356 5017 1533 5096 Bokeselle‚
1558 5018 1722 5081 Henricus

226 5114 630 5193 westbourne‚1t0bertus
651 5116 722 5174 atte
748 5110 848 5190 Rede,
874 5109 1039 5173 lohannes
1064 5108 1195 5191 Syvyer‚
1219 5106 1382 5170 lohannes
1406 5104 1543 5184 Brahan,
1559 5104 1723 5167 Johannes

227 5206 376 5283 Bondere,
401 5200 569 5267 lohannes
590 5198 733 5283 Perkyn,
757 5198 896 5261 Thomas
922 5196 1077 5278 Coupere,
1104 5194 1248 5278 Rogerus
1273 5194 1375 5276 Hope,
1392 5192 1576 5273 Margareta
1598 5192 1723 5272 Tylere,

225 5292 390 5357 lohannes
404 5288 559 5367 Standen,
570 5285 734 5350 lohannes
745 5284 973 5369 Dyngheldon,
982 5283 1169 5350 Willelmus
1178 5279 1354 5357 Hemham,
1367 5278 1385 5342 J
1389 5278 1530 5342 ohannes
1541 5278 1722 5360 Cropwode‚

223 5379 381 5445 Ricardus
395 5376 524 5455 warde,
544 5373 728 5438 Willelmus
753 5371 915 5456 Deghere,
941 5370 1118 5434 Nioholaus
1147 5368 1313 5446 Westone,
1335 5364 1520 5448 Stephanus
1547 5364 1724 5447 Hakuode,
