4092 6117
875 590 956 659 ΑΙ).
981 595 1077 659 1846.
1681 601 1724 665 88

268 881 516 947 Berthoiomeue
531 883 570 947 de
587 881 793 967 Bnrghaseoh
808 887 901 948 tenet
916 884 952 947 in
967 883 1140 952 Onomoun
1166 886 1317 968 quartem
1343 890 1472 970 purtem
1495 886 1520 974 j.
1535 886 1560 952 f.
1584 888 1625 952 de
1639 908 1726 975 rege,

225 970 311 1055 quod
326 969 489 1037 Johanuee
504 970 662 1055 Weylaud
677 991 782 1055 nuper
796 972 904 1035 tenuit
918 972 959 1035 de
973 972 1095 1035 comite
1108 970 1308 1038 Mereeenllo.

268 1144 452 1229 Mergerete
466 1145 505 1209 de
521 1142 671 1209 Kentone
686 1148 777 1208 tenet
791 1146 826 1208 in
853 1146 950 1211 Boreo
973 1149 1123 1210 octavam
1148 1150 1276 1228 purtem
1286 1146 1326 1231 ·j.
1343 1146 1366 1210 f.
1382 1146 1423 1211 de
1438 1145 1552 1211 herede
1566 1146 1726 1217 Willelmi

226 1231 404 1385 gfflfle'
418 1238 453 1296 et
466 1233 523 1297 ille
538 1233 578 1295 de
593 1253 681 1317 rege,
696 1231 781 1316 quod
797 1232 964 1296 Gilbertue
979 1233 1019 1296 de
1035 1231 1143 1317 Thorp
1167 1253 1272 1317 nuper
1294 1234 1405 1298 tenuit
1431 1234 1472 1297 de
1498 1234 1666 1303 Willelmo
1685 1234 1726 1299 de

268 1478 446 1546 Nioholeus
469 1481 618 1545 Mainard
639 1486 733 1545 tenet
754 1482 788 1543 in
811 1481 909 1547 Bono
930 1488 1082 1565 quartem
1102 1486 1230 1565 portem
1251 1481 1276 1567 j.
1293 1482 1316 1548 i.
1333 1482 1374 1545 de
1397 1488 1504 1545 oestro
1525 1482 1567 1547 de
1589 1483 1727 1564 Dovere,

227 1568 378 1743 evpeliffii]
386 1565 561 1721 ·[tenetur]
597 1569 636 1632 de
665 1588 753 1653 rege,
782 1568 868 1652 quod
891 1567 981 1632 idem
1007 1568 1182 1633 Nioholeue
1207 1590 1311 1653 nuper
1346 1566 1473 1657 [tenuit
1501 1570 1542 1634 de
1572 1568 1727 1635 Nioholeo

267 1817 428 1882 Robertuo
453 1817 494 1882 de
517 1815 684 1881 Tudehem
707 1822 802 1881 tenet
827 1819 862 1881 in
889 1817 1142 1886 Guuunnsnuuo
1165 1822 1200 1883 et
1221 1819 1361 1885 Burruo
1382 1819 1406 1906 j.
1422 1818 1446 1885 f.
1462 1818 1504 1883 de
1519 1819 1669 1883 Jobeune
1685 1818 1726 1883 de

227 1905 382 2080 ῗὲθηίἓῖ,
397 1909 432 2079 ep
455 1903 512 1969 ille
536 1904 576 1969 de
598 1924 686 1991 rege,
700 1904 786 1990 quod
810 1906 909 1991 Hugo
933 1904 1041 1970 Peohe
1066 1926 1171 1990 nuper
1196 1907 1306 1971 tenuit
1331 1906 1372 1970 de
1385 1908 1530 1971 manerio
1543 1906 1584 1971 de
1599 1906 1727 1992 Sogono

289 2013 332 2077 go
378 2012 417 2056 oo
441 2041 449 2058 .

270 2154 434 2222 Johennee
463 2156 503 2218 de
533 2154 665 2219 Ufforde
695 2160 729 2219 et
757 2159 908 2219 tenentes
938 2157 990 2219 eui
1019 2160 1134 2220 tenent
1163 2156 1198 2222 in
1227 2156 1326 2224 Bono
1354 2157 1399 2222 di.
1429 2156 1452 2222 f.
1484 2156 1526 2220 de
1561 2158 1728 2221 eomitieee

228 2242 429 2321 Mereeonlla,
443 2246 478 2306 et
502 2242 561 2306 illo
585 2242 625 2305 de
650 2262 741 2328 rege,
754 2242 840 2326 quod
866 2241 1035 2307 Johennee
1060 2243 1102 2308 de
1127 2243 1262 2307 Ufforde
1286 2250 1321 2308 et
1346 2242 1523 2324 Johennee‚
1537 2243 1626 2308 filine
1640 2264 1729 2323 euue,

226 2351 331 2416 nuper
345 2334 519 2394 tenuerunt
532 2328 573 2393 de
588 2330 707 2394 eomite
722 2328 947 2396 Moreeohallo.

270 2495 369 2579 Hugo
383 2491 647 2557 deThisteldene
671 2496 705 2555 et
731 2490 910 2574 paroennrii
933 2493 982 2555 eui
1010 2495 1125 2556 teneut
1150 2492 1186 2553 in
1211 2491 1309 2558 Bono
1335 2492 1381 2557 di.
1397 2492 1422 2557 f.
1446 2490 1488 2555 de
1512 2492 1661 2555 Johenue
1686 2491 1727 2557 de

226 2582 387 2755 tiiieorsrppgcp13
389 2586 442 2734 pp
456 2581 513 2644 ille
536 2579 576 2644 de
599 2599 685 2663 rege,
702 2578 787 2665 quod
808 2577 988 2641 Willelmue
1003 2578 1044 2642 de
1059 2578 1269 2643 Thieteldene
1284 2599 1387 2663 nuper
1401 2580 1511 2643 tenuit
1524 2578 1566 2641 de
1581 2580 1727 2643 monerio

269 2831 409 2895 Thomas
423 2828 570 2893 Latimer
583 2832 676 2893 tenet
691 2830 725 2892 in
742 2812 943 2895 Husunrouu
963 2826 990 2912 j.
1006 2827 1031 2893 f.
1046 2826 1087 2891 de
1106 2828 1227 2893 comite
1242 2826 1448 2911 Herefordie,
1463 2833 1498 2894 et
1513 2828 1570 2893 ille
1585 2827 1626 2892 de
1639 2848 1728 2914 rege,

226 2919 312 3005 quod
326 2916 511 2981 Willelmue
525 2916 565 2980 de
580 2914 694 2980 Bovile
708 2935 810 3000 nuper
824 2916 935 2980 tenuit
948 2915 988 2980 de
1003 2916 1124 2979 comite
1139 2914 1326 2981 Herfordie.

269 3092 434 3158 Johenuee
463 3090 504 3153 de
534 3088 679 3153 Breuoee
709 3092 801 3152 tenet
826 3087 862 3151 in
888 3087 1090 3155 Hueuuroun
1114 3092 1266 3172 quartem
1289 3094 1417 3171 portem
1446 3087 1470 3174 j.
1485 3084 1509 3155 f.
1535 3087 1577 3152 de
1606 3086 1726 3154 herede

225 3175 568 3356 ffifflmsmli’
583 3181 618 3240 et
632 3175 689 3239 ille
704 3174 745 3239 de
760 3194 847 3259 rege,
861 3175 947 3258 quod
963 3173 1092 3260 Agathe
1107 3176 1146 3239 de
1161 3175 1307 3240 Brewoee
1329 3176 1438 3239 tenuit
1462 3174 1504 3240 de
1527 3174 1665 3239 Ricardo
1687 3174 1728 3241 de

271 3430 433 3494 Robertue
459 3425 500 3490 de
525 3424 695 3489 Tudehem
720 3429 815 3489 tenet
839 3426 875 3487 iu
901 3424 1015 3489 eedem
1040 3424 1118 3488 villa
1143 3424 1184 3489 de
1208 3426 1374 3491 Tenum
1401 3423 1446 3489 di.
1462 3424 1486 3487 f.
1512 3424 1553 3488 de
1576 3424 1727 3490 Johenne

227 3519 378 3669 ἓξὲξ,
409 3520 443 3579 et
472 3513 527 3577 ille
556 3514 597 3577 de
625 3532 713 3597 rege,
742 3512 829 3596 quod
859 3510 1024 3575 Johennee
1053 3510 1189 3577 charles
1218 3530 1325 3596 nuper
1353 3512 1465 3577 tenuit
1501 3510 1543 3575 de
1578 3510 1727 3577 Johenne

270 3774 434 3841 Johannee
449 3772 489 3874 de
505 3772 643 3837 Cestone
658 3776 750 3836 tenet
763 3772 800 3835 in
816 3772 1043 3875 Rueoueuuuu
1059 3780 1208 3857 quartem
1236 3776 1363 3856 portem
1382 3771 1412 3905 ἑ.
1427 3770 1451 3837 f.
1466 3771 1508 3834 de
1522 3769 1670 3836 Johenne
1685 3770 1727 3836 de

226 3862 394 3941 Sekiorde,
409 3866 445 3925 et
458 3859 514 3923 1lle
528 3856 569 3923 de
584 3858 605 3923 J
606 3858 733 3924 ohanne
748 3858 789 3922 de
804 3859 963 3940 Norwioo,
981 3866 1016 3923 et
1030 3860 1087 3925 rlle
1102 3858 1142 3923 de
1156 3879 1244 3944 rege,
1269 3858 1355 3943 quod
1382 3876 1507 3943 „oyem
1532 3858 1609 3923 Lew
1622 3878 1728 3942 nuper

225 3952 333 4017 tenuit
348 3950 389 4013 de
404 3947 546 4012 Henrioo
561 3945 602 4011 de
618 3944 796 4011 Seukevill.

270 4120 412 4185 Thomas
435 4116 476 4182 de
500 4113 664 4179 Holebrok
687 4119 780 4179 tenet
802 4115 838 4178 in
862 4115 1088 4183 Amnenunuu
1114 4116 1250 4179 terciam
1279 4119 1406 4198 purtem
1430 4114 1459 4198 j.
1485 4114 1508 4180 f.
1538 4112 1580 4178 de
1608 4112 1727 4177 herede

226 4208 400 4293 Greylege‚
425 4209 460 4269 et
489 4203 547 4267 ille
576 4202 617 4267 de
645 4204 765 4267 comite
796 4202 1016 4287 Langoeetrie‚
1044 4208 1079 4266 et
1107 4201 1165 4266 iile
1193 4203 1235 4265 de
1264 4222 1351 4287 rege,
1378 4202 1465 4287 quod
1490 4198 1658 4265 Joheunee
1686 4200 1728 4265 de

224 4292 390 4361 Holebrok
403 4310 509 4375 nuper
523 4290 633 4355 tenuit
649 4289 688 4353 de
703 4288 843 4353 Henrioo
859 4289 900 4353 de
916 4288 1065 4373 Greleye.

269 4471 363 4536 Idem
389 4468 529 4531 Thomas
552 4472 586 4529 et
611 4464 789 4528 Nioholeue
813 4463 853 4528 de
880 4462 1052 4547 Pleyforde
1079 4468 1192 4527 tenent
1206 4464 1243 4527 iu
1258 4464 1456 4529 Pmrounu
1470 4462 1496 4547 j.
1511 4462 1536 4527 f.
1553 4461 1595 4525 de
1609 4459 1727 4527 herede

226 4559 347 4626 Oliveri
373 4557 413 4619 de
440 4552 590 4639 Ingham,
616 4556 651 4616 et
675 4552 731 4615 ille
753 4552 793 4615 de
816 4570 904 4636 rege,
932 4552 1019 4635 quod
1051 4550 1218 4615 Johannes
1241 4551 1283 4614 de
1306 4548 1471 4614 Holebrolr
1501 4555 1535 4614 et
1561 4547 1727 4614 Johennee

225 4644 398 4730 Pleyforde
413 4662 518 4725 nuper
533 4644 716 4704 tenuerunt
730 4637 771 4702 de
786 4636 911 4702 Thomu
927 4636 968 4701 de
982 4636 1085 4703 Clare.

268 4812 425 4879 Rieerdue
441 4809 564 4889 Bonde,
579 4808 693 4873 Simon
708 4806 832 4884 Bonde‚
846 4804 1033 4891 Stephanus
1046 4805 1172 4886 Bonde,
1187 4809 1223 4872 et
1238 4805 1401 4870 Henriene
1415 4805 1456 4869 de
1472 4804 1595 4869 Holien
1610 4808 1727 4871 tenent

224 4906 259 4969 in
273 4903 493 4969 Benuesuoun
530 4902 658 4959 uertem
681 4891 837 4982 [purtem]
854 4893 882 4978 j.
899 4895 922 4959 f.
937 4894 978 4957 de
1003 4892 1098 4957 feodo
1123 4894 1164 4957 de
1189 4890 1390 4972 Bokenham,
1405 4898 1440 4955 et
1454 4891 1538 4955 illud
1559 4888 1720 4979 [tenetur]

224 4991 265 5054 de
288 5008 377 5071 rege,
401 4985 489 5070 quod
508 4919 704 5066 tliudulphus
730 4980 906 5060 chanutor,
930 4979 1120 5063 Arnulphue
1144 4979 1268 5063 Bonde,
1292 4983 1326 5044 et
1352 4980 1512 5047 Henricue
1534 4978 1578 5042 de
1602 4978 1725 5046 Holien

224 5096 329 5161 nuper
342 5076 517 5139 tenuerunt
532 5071 572 5134 de
587 5070 731 5134 manerio
746 5070 787 5133 de
802 5064 1006 5153 Bokynham.
1156 5078 1160 5085 ’

270 5244 309 5312 In
324 5240 419 5333 enjus
434 5240 481 5305 rei
496 5242 560 5309 eto.
