4092 6117
314 515 376 578 242
930 507 1200 578 WILTSHIRE.

357 798 524 885 Capeliani
547 800 588 865 de
616 800 754 865 Welerre
776 805 890 864 tenent
914 801 1004 864 certa
1032 804 1133 863 terras
1147 804 1181 862 et
1196 798 1387 862 tenements
1400 795 1436 858 in
1451 791 1619 870 Wsnnvvn,
1636 811 1698 876 que
1713 809 1817 873 nuper

314 888 449 952 fuerunt
462 888 621 952 Johsnnis
636 885 813 967 Bsbebam‚
830 908 888 972 per
902 885 1074 950 servicium
1090 884 1166 972 iiij¹⁰
1187 884 1290 968 pertis
1303 880 1327 948 f.
1344 903 1390 948 m.

357 1049 513 1114 Priorissa
527 1050 567 1114 de
583 1050 798 1135 Ambresbury
813 1056 907 1114 tenet
931 1047 1123 1114 immediate
1149 1051 1237 1110 certa
1261 1051 1362 1109 terras
1383 1047 1418 1106 et
1440 1045 1627 1108 tenemento
1641 1041 1675 1102 in
1691 1040 1817 1115 Aaron,

315 1137 378 1201 sibi
403 1144 436 1202 et
461 1138 699 1202 successoribus
721 1139 801 1218 suis,
827 1137 981 1204 solvendo
1003 1136 1081 1200 inde
1106 1136 1247 1200 decimas
1272 1131 1408 1196 domino
1429 1130 1509 1214 regi,
1526 1132 1625 1214 prout
1646 1133 1740 1211 patet
1752 1146 1819 1228 'per

312 1225 563 1395 ilperppiqssionem
577 1225 653 1290 inde
667 1231 810 1309 captam,
826 1247 882 1309 per
897 1223 1071 1288 servicium
1086 1243 1142 1289 un.
1159 1223 1182 1287 i.
1200 1243 1245 1287 m.
1263 1240 1326 1305 que
1346 1237 1451 1302 nuper
1474 1217 1607 1280 hremnt
1628 1213 1762 1278 Roberti
1776 1212 1818 1276 de

357 1473 522 1537 Waltems
537 1471 677 1557 Gordray
691 1477 784 1537 tenet
808 1471 1002 1537 immediate
1026 1472 1061 1535 in
1087 1468 1250 1535 dominico
1276 1487 1334 1531 suo
1348 1471 1387 1530 ut
1400 1465 1442 1529 de
1456 1464 1550 1529 feodo
1564 1471 1652 1528 certa
1667 1467 1768 1528 terrae
1783 1469 1818 1528 et

312 1566 503 1625 tenementa
518 1561 552 1624 in
568 1560 785 1639 Bunnnsnnrr,
800 1581 862 1646 que
876 1580 981 1644 nuper
996 1560 1128 1623 brenmt
1143 1555 1277 1619 Henriei
1290 1555 1332 1619 de
1348 1551 1551 1629 Buddeeden,
1565 1572 1622 1636 per
1644 1552 1816 1615 servicium

312 1647 388 1733 rupi·
409 1648 514 1731 partis
529 1648 553 1714 f.
569 1668 616 1715 m.
632 1668 696 1730 que
710 1653 842 1713 tenetur
855 1647 897 1713 de
913 1646 1057 1710 Waltero
1072 1645 1113 1709 de
1128 1640 1362 1708 Dunstreville.

356 1808 501 1872 Heredes
530 1807 675 1871 Gilberti
701 1809 742 1872 de
768 1807 880 1874 Nevill
908 1814 1022 1872 tenent
1052 1806 1241 1872 immediate
1265 1807 1353 1868 certa
1377 1806 1480 1866 terras
1508 1805 1543 1865 et
1567 1804 1757 1866 tenementa
1781 1801 1816 1864 in

313 1895 529 1974 Dunvrrovorv,
546 1915 609 1979 que
624 1916 731 1980 nuper
745 1894 878 1959 fuerunt
892 1895 1035 1959 Gilberti
1051 1894 1092 1958 de
1108 1891 1229 1972 Nevill,
1245 1911 1302 1976 per
1317 1889 1489 1955 servicium
1504 1908 1559 1952 un.
1575 1888 1598 1953 f.
1613 1909 1659 1954 m.

357 2059 518 2122 Walterus
532 2057 731 2122 Pannoeiots
744 2064 837 2122 tenet
851 2057 1045 2121 immediate
1061 2058 1094 2119 in
1119 2055 1283 2119 dominico
1309 2072 1367 2117 suo
1392 2056 1431 2115 ut
1456 2051 1496 2114 de
1521 2050 1616 2114 leodo
1630 2050 1670 2114 de
1684 2051 1817 2114 domino

311 2164 388 2227 rege
411 2153 501 2210 certa
525 2152 629 2209 terras
652 2151 688 2210 et
709 2148 899 2211 tenementa
914 2145 948 2208 in
964 2145 1066 2213 Wssr
1081 2137 1318 2220 Ariasmenus,
1335 2160 1399 2224 que
1414 2159 1519 2222 nuper
1532 2139 1666 2202 inerunt
1681 2137 1816 2202 Patricii

311 2233 514 2310 Mountford‚
530 2253 588 2316 per
602 2233 774 2298 servicium
788 2234 834 2297 di.
849 2233 872 2298 f.
888 2253 934 2298 m.

354 2395 479 2461 Dicunt
494 2395 597 2460 eciam
613 2395 772 2482 juratores
787 2396 926 2480 predicti
950 2394 1038 2480 quod
1052 2394 1142 2458 nulls
1157 2398 1233 2456 sunt
1247 2390 1311 2454 alie
1332 2409 1468 2475 persone
1484 2390 1552 2454 sive
1567 2394 1716 2454 tenentes
1730 2389 1815 2454 inirs

310 2480 518 2546 hundredum
548 2485 734 2566 predictum
761 2485 873 2547 seivite
899 2483 1092 2546 immediate
1119 2487 1158 2544 ut
1182 2481 1224 2543 de
1249 2478 1350 2542 libero
1375 2482 1576 2556 tenemento,
1601 2478 1689 2541 unde
1712 2478 1814 2541 iidem

310 2589 443 2654 persone
473 2572 540 2634 sive
570 2576 722 2634 tenentes
751 2571 985 2654 possessionate
1012 2569 1171 2646 existunt,
1195 2568 1252 2652 qui
1277 2570 1389 2629 tenent
1415 2584 1471 2648 per
1495 2565 1659 2650 integmm
1683 2564 1812 2628 feodum

310 2657 428 2722 militis
444 2657 586 2721 mediate
599 2659 735 2722 terciam
750 2657 800 2722 vel
816 2663 964 2742 quartam
980 2662 1105 2743 partem
1121 2675 1177 2718 un.
1193 2655 1216 2719 f.
1232 2675 1278 2720 m.
1295 2652 1462 2718 inclusive.

354 2823 394 2887 In
408 2823 502 2909 cujus
516 2824 562 2888 rei
578 2823 807 2888 testimonium
820 2829 882 2889 etc.

626 3224 847 3291 Hnunnannu
870 3245 914 3291 nn
937 3223 1122 3292 BRENGH
1146 3247 1186 3292 nr
1209 3223 1496 3294 DOLLEFELD.

354 3389 532 3474 Inquisicio
546 3393 642 3472 capta
656 3387 743 3471 apud
758 3387 884 3452 Novam
900 3386 1118 3453 Sarisbnriam
1133 3388 1187 3450 die
1202 3387 1222 3450 J
1224 3388 1293 3451 ovis
1306 3389 1455 3471 proximo
1479 3393 1551 3471 post
1567 3388 1685 3453 festum
1701 3389 1812 3454 Sancti

310 3476 469 3553 Bernsbe‚
483 3475 642 3559 Apostoli,
658 3495 744 3538 anno
767 3477 861 3559 regni
886 3477 973 3560 regis
999 3475 1136 3538 Henrici
1162 3476 1244 3538 sexti
1270 3480 1344 3558 post
1359 3483 1573 3558 conquestum
1589 3485 1692 3554 sexto,
1705 3499 1811 3542 coram

308 3562 456 3628 Johanne
483 3562 585 3648 Payn,
609 3561 751 3627 Roberto
776 3562 885 3646 Erley,
907 3561 1059 3626 Johanne
1085 3561 1219 3647 Stnrmy
1243 3562 1285 3625 de
1311 3562 1461 3640 Axeford,
1487 3561 1637 3627 Johanne
1661 3564 1751 3649 Bryd
1770 3565 1811 3630 de

307 3649 527 3733 Marleburgh‚
545 3649 688 3712 Henrico
703 3647 873 3733 Bradeley,
892 3647 1043 3713 Johanne
1058 3647 1193 3732 Sturmy
1208 3649 1248 3712 de
1265 3648 1520 3728 Wachenesteld‚
1539 3649 1688 3715 Johanne
1711 3651 1809 3736 Buye,

307 3737 472 3801 Wiltelmo
486 3737 572 3800 Lord
586 3736 627 3799 de
644 3736 735 3799 Nova
750 3736 942 3817 Sarisburis,
957 3741 992 3800 et
1006 3734 1028 3799 J
1029 3733 1158 3800 ohanne
1174 3735 1365 3800 Moundlort
1380 3736 1419 3799 de
1435 3735 1501 3820 Lye
1519 3737 1613 3823 juxta
1627 3739 1810 3824 Westbury,

307 3823 531 3888 collectoribus
546 3822 684 3886 subsidii
699 3822 824 3886 domini
839 3825 925 3908 regis
939 3827 974 3886 in
990 3825 1151 3886 comitatu
1165 3822 1294 3902 Wiltes‚
1308 3824 1343 3886 in
1369 3823 1489 3887 ultimo
1512 3825 1728 3907 parliamento
1754 3847 1811 3890 ruo

306 3911 394 3993 apud
423 3909 746 3973 westmonasterium
776 3911 811 3974 in
841 3911 1006 3996 quindena
1035 3907 1148 3974 Sancti
1178 3909 1349 3974 Michaelis
1378 3910 1496 3975 ultimo
1525 3913 1682 3994 preterita
1717 3919 1810 3978 tento

307 3998 461 4075 concessi,
476 4016 535 4079 per
548 4003 786 4060 sacramentum
801 3995 961 4062 Johannis
975 3997 1111 4062 Gilberd
1126 3998 1168 4061 de
1184 3997 1375 4072 Sherveton,
1387 3996 1545 4081 Stephani
1562 3997 1663 4078 Shali,
1677 3999 1811 4066 Roberti

307 4083 444 4168 Lokper,
470 4081 630 4147 Johannis
659 4082 836 4166 Dykeman,
853 4084 1010 4151 Willelmi
1039 4083 1172 4163 Horder,
1195 4084 1354 4150 Willelmi
1379 4084 1471 4169 Frye‚
1497 4085 1629 4150 Ricardi
1650 4087 1808 4167 Partricb,

307 4169 473 4233 Edmundi
499 4169 657 4250 Cokerell,
682 4171 818 4236 Walteri
843 4169 983 4250 Britber,
1012 4171 1181 4235 Benedicti
1205 4170 1407 4250 Wiltescher‚
1431 4169 1591 4236 Johannis
1614 4172 1761 4253 Preston,
1775 4187 1810 4240 et

307 4255 456 4322 Nicbolai
481 4256 605 4336 Bekon,
620 4259 812 4343 juratorum,
828 4258 1009 4343 juratorum
1036 4257 1077 4322 de
1100 4257 1269 4321 hundredo
1292 4258 1333 4321 de
1357 4256 1483 4322 Brench
1509 4266 1541 4323 et
1566 4259 1737 4339 Dolleleld,
1751 4265 1809 4346 qui

306 4344 420 4408 dicunt
436 4365 532 4427 super
546 4355 784 4409 sacramentum
799 4365 893 4410 suum
909 4347 995 4427 quod
1011 4365 1124 4409 omnes
1138 4364 1272 4429 persone
1286 4347 1322 4408 in
1337 4347 1401 4408 ists
1417 4347 1630 4429 inquisicione
1644 4351 1811 4414 nominate

304 4435 382 4495 sunt
396 4433 507 4495 eoisite
521 4442 556 4495 et
570 4433 816 4516 possessionen,
831 4439 865 4496 et
881 4453 993 4496 eornm
1009 4431 1154 4518 quelibet
1170 4438 1219 4496 est
1234 4433 1346 4496 seisits
1360 4438 1396 4496 et
1410 4435 1644 4515 possessionats
1658 4435 1698 4498 de
1714 4437 1810 4500 terris

304 4530 336 4582 et
363 4519 561 4582 tenementis
585 4520 619 4582 in
642 4519 807 4583 dominico
831 4539 889 4582 suo
918 4525 958 4582 ut
986 4520 1029 4584 de
1059 4519 1161 4583 libero
1190 4524 1391 4598 tenemento,
1420 4525 1455 4583 et
1483 4527 1597 4584 tenent
1626 4541 1685 4586 seu
1716 4529 1809 4588 tenet

304 4605 401 4670 modo
416 4611 450 4669 et
465 4605 570 4669 forma
583 4606 641 4690 qni
656 4612 824 4690 sequntur,
839 4606 1002 4686 videlicet,
1018 4605 1105 4690 quod
1116 4629 1168 4669 :—

348 4794 505 4859 Ricardus
539 4794 710 4880 Ponynges
747 4803 782 4859 et
811 4795 964 4859 Alienora
1001 4815 1081 4860 uxor
1117 4795 1190 4878 ejus
1226 4799 1342 4860 tenent
1377 4793 1557 4858 inmediate
1593 4795 1636 4860 de
1669 4795 1807 4862 Ricardo

304 4881 519 4962 Msutravers,
545 4882 586 4946 ad
611 4883 789 4946 terminum
815 4884 884 4945 vite
914 4881 1053 4966 predicti
1077 4882 1241 4960 Alienum,
1266 4886 1354 4945 certa
1378 4888 1478 4945 terras
1502 4887 1539 4946 et
1562 4887 1747 4948 tenementn
1773 4885 1807 4949 in

306 4969 536 5050 Summanos,
553 4990 615 5055 que
630 4989 735 5052 nuper
750 4969 883 5033 inerunt
897 4970 1050 5033 Mauricii
1065 4971 1105 5034 de
1122 4967 1271 5047 Berkele‚
1285 4989 1341 5052 per
1356 4969 1526 5033 servicium
1541 4989 1598 5036 un.
1614 4969 1637 5038 f.
1653 4990 1698 5038 m.

345 5125 509 5193 Waltorus
531 5127 659 5210 Tornay
682 5132 775 5191 tenet
800 5127 980 5192 inmediate
1001 5129 1041 5192 de
1077 5130 1185 5212 priore
1209 5127 1323 5192 Sancti
1347 5125 1500 5192 Svithini
1526 5127 1691 5195 Wintonie
1717 5135 1806 5194 serta

301 5219 402 5276 terras
416 5219 451 5276 et
465 5219 653 5278 tenementa
666 5214 703 5276 in
719 5214 879 5292 scorrer,
891 5235 955 5299 que
970 5235 1077 5299 nuper
1091 5215 1223 5280 fuerunt
1239 5213 1397 5279 Johannis
1412 5213 1552 5300 turnay,
1564 5235 1619 5298 per
1633 5214 1804 5280 servicium

302 5302 417 5383 quinte
432 5301 535 5382 partis
550 5319 605 5365 un.
623 5300 646 5363 t'.
662 5322 706 5367 m.
