4092 6117
901 577 982 642 Μ).
1009 581 1103 643 1428.
1689 581 1752 644 ‘259

293 860 437 923 Heredes
460 861 621 926 Willelmi
660 863 784 927 Bussell
815 869 933 928 teuent
962 865 1152 928 immediate
1183 866 1218 929 in
1249 866 1474 930 tt'arracuvvs
1511 864 1549 928 de
1583 865 1754 927 heredibus

250 946 385 1010 Henrici
400 949 439 1012 de
456 949 544 1012 Huse
559 955 648 1012 certa
672 957 774 1014 terras
799 957 833 1015 et
857 958 1053 1029 tenemento,
1080 973 1143 1036 que
1167 973 1271 1035 nuper
1285 953 1427 1015 ,fuerunt
1441 951 1597 1014 Willelmi
1616 952 1753 1029 Bussell,

250 1054 306 1117 per
321 1034 468 1120 quintam
487 1044 611 1120 partem
627 1059 683 1103 un.
700 1037 723 1102 f.
740 1060 785 1104 m.

293 1171 415 1236 Dicunt
437 1173 574 1237 ulterius
598 1175 737 1257 predicti
757 1174 932 1259 juratores,
958 1177 1043 1258 quod
1069 1197 1133 1239 non
1161 1181 1237 1238 sunt
1262 1176 1325 1239 alie
1349 1195 1481 1259 persone
1508 1177 1573 1239 sive
1600 1181 1752 1238 tenentes

249 1259 332 1322 inira
355 1257 561 1324 hundredum
586 1263 782 1345 predictum,
810 1265 913 1326 seisiti
938 1264 973 1325 in
999 1263 1162 1326 dominico
1194 1283 1251 1326 suo
1281 1264 1481 1340 immediate,
1513 1270 1552 1326 ut
1581 1264 1620 1326 de
1650 1263 1752 1325 libero

250 1355 446 1424 tenemento,
465 1349 552 1410 unde
576 1349 689 1412 eedem
715 1370 848 1432 persone
875 1352 941 1412 sive
966 1356 1116 1414 tenentes
1142 1352 1370 1434 possessionati
1395 1352 1550 1428 esistunt,
1565 1351 1621 1435 qui
1639 1357 1751 1413 teuent

249 1453 315 1582 perl
327 1434 492 1518 integrum
516 1435 648 1499 feodum
675 1437 804 1513 militis,
827 1437 1048 1515 medietatem,
1066 1441 1201 1500 terciam
1220 1439 1269 1501 vel
1286 1445 1435 1520 quartam
1451 1443 1578 1520 partem
1595 1458 1648 1503 un.
1666 1441 1688 1503 t.
1707 1459 1751 1502 rn.

250 1539 303 1582 ruo
317 1541 416 1587 nsrve.

295 1657 333 1719 Iu
349 1657 442 1743 cujus
456 1660 504 1723 rei
519 1661 748 1725 testimonium
763 1670 826 1727 etc.

755 1854 1104 1862 ———-.-—-—
1114 1851 1273 1860 ...η--μη

417 1960 627 2049 [Huunasns
650 1963 709 2052 nu]
739 1967 976 2045 HYWORTH,
1001 1966 1321 2042 CREKKELADE,
1346 1987 1385 2030 ur
1410 1965 1591 2032 STAPLE.

293 2099 475 2182 Inquisicio
504 2108 600 2182 capta
628 2103 718 2186 apud
749 2103 920 2186 vayudon,
953 2105 1007 2166 die
1037 2103 1156 2165 Martis
1195 2104 1341 2185 proximo
1377 2109 1449 2186 post
1488 2102 1609 2166 festum
1641 2102 1752 2166 Sancti

251 2185 398 2250 Barnabe
413 2188 569 2269 Apostoli,
585 2209 670 2253 anno
695 2194 787 2270 regni
810 2194 897 2273 regis
922 2191 1059 2253 Hearioi
1089 2192 1172 2253 serti
1199 2197 1269 2272 post
1293 2199 1505 2274 conquestum
1529 2199 1629 2268 sexto,
1646 2211 1751 2252 coram

250 2271 398 2336 Johanne
422 2273 523 2358 Pavo,
552 2276 695 2340 Roberto
723 2277 828 2361 Erley,
854 2277 1002 2341 Johanne
1031 2278 1163 2360 Sturmy
1189 2279 1230 2339 de
1257 2277 1404 2352 exesord,
1431 2278 1577 2340 Johanue
1602 2278 1688 2359 Bryd
1713 2278 1752 2339 de

251 2360 471 2446 Marleburgh,
486 2362 629 2426 Henrico
648 2363 812 2449 Bradeley,
828 2363 978 2428 Johanne
996 2365 1130 2447 Sturmy
1146 2367 1187 2426 de
1205 2363 1462 2440 Waeheuesteld,
1479 2362 1628 2426 Johanne
1653 2363 1751 2448 Briva,

251 2447 416 2513 Willelmo
432 2449 518 2512 Lord
534 2452 574 2513 de
590 2453 680 2513 Nova
697 2452 889 2530 Sarisburia,
908 2458 942 2515 et
958 2454 1105 2518 Johauue
1120 2451 1306 2514 Moundou
1322 2451 1362 2513 de
1382 2452 1445 2534 lrye
1459 2451 1554 2535 juxta
1566 2453 1750 2534 Westbury‚

249 2534 477 2599 collectoribus
501 2537 638 2600 subsidii
662 2537 796 2601 domiuo
811 2542 880 2623 regi
906 2540 939 2602 in
965 2541 1122 2601 comitatu
1139 2537 1257 2604 Wiltes
1271 2539 1304 2600 in
1324 2538 1441 2600 ultimo
1462 2538 1680 2621 parliamento
1696 2560 1754 2603 suo

249 2622 335 2706 apud
359 2622 683 2691 westmonasterium
715 2627 749 2688 iu
779 2628 943 2710 quindena
973 2627 1083 2688 Sancti
1117 2625 1285 2688 Michaelis
1316 2625 1431 2688 ultimo
1468 2628 1626 2708 preterita
1662 2632 1752 2689 teuto

249 2711 401 2789 concessi,
415 2731 471 2793 per
496 2723 732 2774 sacramentum
756 2712 912 2776 Johannis
936 2715 1131 2796 Apputmeo,
1157 2712 1314 2776 Johannis
1342 2711 1445 2794 Wylre
1470 2713 1510 2775 de
1535 2713 1752 2789 Grundevvell‚

250 2796 385 2858 Roberti
411 2797 509 2876 Gore,
537 2795 694 2860 Johannis
722 2799 871 2882 Dollyng,
898 2801 1057 2863 Johannis
1084 2799 1226 2882 Gybbys‚
1244 2799 1400 2864 Willelmi
1427 2799 1569 2877 Ketovre,
1597 2801 1753 2864 Johannis

251 2882 336 2960 Coie,
369 2883 499 2947 Roberti
536 2883 686 2964 Mortese,
717 2886 851 2951 Walteri
890 2886 1036 2971 Stylgoo,
1066 2885 1224 2950 Johannis
1262 2887 1406 2971 Geryng,
1435 2886 1569 2950 Roberti
1599 2887 1689 2970 Payu
1718 2896 1752 2950 et

250 2969 407 3038 erlelmi
423 2971 578 3055 Gregory,
590 2972 786 3055 juratorum,
797 2974 983 3055 juratorum
1009 2974 1049 3037 de
1073 2971 1238 3037 hundredo
1254 2973 1293 3036 de
1310 2973 1478 3057 Hyvvorth,
1494 2973 1701 3052 Crelslrelade,
1719 2981 1753 3037 et

252 3057 374 3140 stapla,
413 3060 468 3141 qui
506 3060 620 3123 dicunt
658 3081 753 3144 super
789 3065 1026 3124 sacramentum
1065 3082 1170 3140 suum,
1200 3061 1284 3146 quod
1316 3081 1427 3124 omnes
1463 3081 1596 3143 persone
1625 3064 1658 3123 in
1690 3065 1753 3123 ista

251 3145 464 3226 inquisicione
479 3147 647 3209 nominate
673 3155 750 3210 sunt
774 3149 885 3209 seisite
910 3154 946 3210 et
969 3149 1217 3231 possessionate‚
1235 3153 1270 3211 et
1292 3167 1403 3211 eorum
1420 3148 1563 3232 quelibet
1576 3157 1628 3211 est
1642 3150 1754 3210 seisita

249 3244 283 3293 et
297 3234 544 3314 possessiouata,
561 3233 602 3295 de
621 3235 715 3297 terris
730 3240 764 3297 et
779 3235 973 3298 tenementis
988 3237 1022 3298 iu
1039 3236 1201 3298 dominico
1218 3255 1275 3298 suo
1300 3242 1338 3298 ut
1363 3235 1404 3298 de
1430 3237 1531 3298 libero
1557 3240 1753 3313 tenemento

250 3324 284 3381 et
298 3326 411 3381 tenent
428 3341 483 3382 seu
498 3328 590 3384 tenet
608 3322 702 3384 modo
716 3333 750 3384 et
764 3322 867 3384 forma
882 3325 937 3408 qui
954 3330 1122 3405 sequntur,
1139 3323 1303 3399 videlicet,
1318 3323 1403 3405 quod
1416 3345 1468 3387 :-

883 3511 1123 3578 HYWORTH.

294 3646 455 3710 Robertus
470 3647 604 3710 Andrew
621 3652 711 3710 tenet
726 3649 767 3710 ad
782 3650 963 3710 terminum
979 3649 1048 3710 vite
1064 3668 1132 3726 sue,
1149 3667 1190 3710 ex
1205 3649 1289 3710 douo
1314 3655 1345 3710 et
1362 3648 1569 3711 concessione
1584 3648 1708 3711 domini
1725 3649 1755 3712 le

252 3732 372 3811 Zouch,
388 3740 474 3797 certa
488 3741 590 3797 terras
606 3742 636 3798 et
656 3742 844 3799 tenementa
859 3737 893 3797 in
910 3736 1015 3813 Esou,
1032 3756 1095 3820 que
1111 3733 1250 3798 Thomas
1266 3736 1306 3797 de
1324 3734 1444 3799 Sancto
1461 3735 1575 3798 Mauro
1592 3737 1754 3821 quondam

252 3823 371 3898 tenuit,
388 3842 446 3905 per
460 3823 633 3884 servicium
649 3822 694 3887 di.
710 3823 732 3886 f.
748 3843 794 3886 m.

295 3959 387 4022 Idem
402 3958 564 4022 Robertus
578 3967 672 4022 tenet
687 3961 867 4022 inmediate
882 3960 922 4023 de
938 3961 1059 4023 comite
1076 3959 1259 4037 Staffordie,
1273 3968 1362 4023 certa
1385 3963 1488 4023 terras
1516 3966 1549 4024 et
1566 3966 1754 4026 tenemento

250 4047 286 4109 in
301 4047 405 4124 Eros,
421 4065 483 4132 que
498 4067 602 4130 nuper
616 4048 749 4111 tueruut
764 4046 886 4110 Thome
902 4046 1014 4132 Percy,
1033 4069 1087 4132 per
1103 4049 1274 4111 servicium
1290 4068 1346 4113 un.
1363 4047 1387 4112 t'.
1404 4069 1449 4112 m.

296 4183 389 4246 Idem
412 4182 572 4246 Robertus
597 4189 693 4246 tenet
717 4183 899 4247 inmediate
925 4183 965 4246 de
993 4184 1141 4266 predicto
1167 4185 1286 4246 comite
1303 4183 1474 4247 Staffordie
1502 4189 1591 4247 certa
1605 4189 1706 4248 terras
1722 4195 1756 4248 et

253 4275 438 4423 tlppepnennta
452 4271 486 4333 in
502 4271 608 4348 Esou,
625 4291 687 4355 que
702 4291 808 4354 nuper
823 4271 953 4333 fuerunt
965 4271 1124 4337 Willelmi
1140 4271 1265 4354 Meysy,
1279 4291 1337 4355 per
1352 4273 1524 4335 servicium
1542 4274 1639 4334 tercie
1655 4275 1755 4357 partis

297 4475 455 4556 Johauna,
471 4479 583 4562 regina
598 4480 725 4563 daghe,
751 4486 843 4542 tenet
867 4481 901 4543 in
929 4481 1038 4543 dotem
1065 4498 1104 4541 ex
1134 4479 1337 4542 concessione
1369 4479 1454 4561 regis
1485 4477 1617 4541 Henrici
1647 4482 1755 4562 quarti

253 4572 473 4715 grrdioiddnndsi
493 4578 527 4715 eft
540 4571 743 4718 11tpnemeuta
767 4568 801 4629 in
828 4567 1048 4643 Mnasnsvorv,
1065 4586 1128 4650 que
1145 4565 1310 4633 ‚Iohannes
1327 4565 1428 4648 Darsy
1444 4585 1549 4648 nuper
1565 4567 1683 4645 tenuit,
1699 4589 1755 4650 per

297 4787 457 4852 Robertus
487 4789 622 4854 Andrevv
652 4796 744 4853 tenet
780 4792 959 4856 inmediate,
994 4791 1036 4854 de
1073 4790 1195 4854 comite
1235 4790 1427 4868 Sarisbnrie,
1458 4793 1546 4852 certe
1583 4797 1683 4852 terras
1721 4801 1756 4855 ct

255 4881 444 5029 plenneprplpta
469 4879 504 4940 iu
528 4877 759 4955 Buosrssnorv,
783 4898 847 4960 que
876 4900 980 4963 nuper
1004 4881 1139 4942 fuerunt
1166 4875 1325 4943 Johannis
1355 4876 1479 4954 Lovelt,
1503 4897 1559 4960 per
1583 4878 1755 4940 servicium

297 5088 391 5153 Idem
420 5088 580 5151 Robertus
609 5086 760 5166 Andrev,
792 5088 954 5153 Robertus
992 5088 1135 5168 Salmau,
1165 5088 1306 5151 Thomas
1336 5084 1552 5171 Pynohepole,
1582 5094 1616 5150 et
1646 5089 1756 5172 Agnes

256 5173 478 5239 Castelcombe
502 5179 616 5238 teuent
642 5175 834 5254 inmediate,
858 5177 987 5262 dequo
1012 5178 1063 5239 vel
1090 5177 1131 5239 de
1158 5175 1275 5260 quihus
1299 5176 1462 5258 ignorant,
1487 5184 1575 5238 certa
1596 5180 1698 5238 terras
1722 5184 1757 5240 et

254 5262 769 5414 ξξὲἓξὲιευὲἶιῇῗεὶῗεέἒη,
800 5285 864 5346 que
901 5285 1005 5353 nuper
1042 5264 1174 5328 iuemnt
1210 5263 1366 5335 Johannis
1395 5261 1435 5323 de
1466 5260 1664 5340 Lusteshull,
1701 5285 1756 5354 per
