<?xml version="1.0" encoding="UTF-8"?>
<!DOCTYPE html PUBLIC "-//W3C//DTD XHTML 1.0 Transitional//EN"
    "http://www.w3.org/TR/xhtml1/DTD/xhtml1-transitional.dtd">
<html xmlns="http://www.w3.org/1999/xhtml" xml:lang="en" lang="en">
 <head>
  <title>
</title>
<meta http-equiv="Content-Type" content="text/html;charset=utf-8" />
  <meta name='ocr-system' content='tesseract 3.04.00' />
  <meta name='ocr-capabilities' content='ocr_page ocr_carea ocr_par ocr_line ocrx_word'/>
</head>
<body>
  <div class='ocr_page' id='page_1' title='image "./inquisitionsand03offigoog_0274.png"; bbox 0 0 4092 6117; ppageno 0'>
   <div class='ocr_carea' id='block_1_1' title="bbox 338 583 1227 652">
    <p class='ocr_par' dir='ltr' id='par_1_1' title="bbox 338 583 1227 652">
     <span class='ocr_line' id='line_1_1' title="bbox 338 583 1227 652; baseline 0 -5"><span class='ocrx_word' id='word_1_1' title='bbox 338 585 402 648; x_wconf 77' lang='lat'>258</span> <span class='ocrx_word' id='word_1_2' title='bbox 955 583 1227 652; x_wconf 69' lang='lat' dir='ltr'>iVILTSHIRE.</span> 
     </span>
    </p>
   </div>
   <div class='ocr_carea' id='block_1_2' title="bbox 334 870 1844 1130">
    <p class='ocr_par' dir='ltr' id='par_1_2' title="bbox 334 870 1844 1130">
     <span class='ocr_line' id='line_1_2' title="bbox 379 870 1844 958; baseline -0.001 -20"><span class='ocrx_word' id='word_1_3' title='bbox 379 870 545 938; x_wconf 73' lang='lat' dir='ltr'>iohannes</span> <span class='ocrx_word' id='word_1_4' title='bbox 569 873 746 958; x_wconf 85' lang='lat' dir='ltr'>Cleymond</span> <span class='ocrx_word' id='word_1_5' title='bbox 771 879 866 939; x_wconf 85' lang='lat' dir='ltr'>tenet</span> <span class='ocrx_word' id='word_1_6' title='bbox 891 874 1084 938; x_wconf 88' lang='lat' dir='ltr'>immediate</span> <span class='ocrx_word' id='word_1_7' title='bbox 1110 878 1198 939; x_wconf 89' lang='lat' dir='ltr'>certa</span> <span class='ocrx_word' id='word_1_8' title='bbox 1224 879 1329 936; x_wconf 86' lang='lat' dir='ltr'>terras</span> <span class='ocrx_word' id='word_1_9' title='bbox 1356 881 1389 934; x_wconf 90' lang='lat' dir='ltr'>et</span> <span class='ocrx_word' id='word_1_10' title='bbox 1418 877 1616 949; x_wconf 84' lang='lat' dir='ltr'>tenementa‚</span> <span class='ocrx_word' id='word_1_11' title='bbox 1646 893 1709 957; x_wconf 92' lang='lat' dir='ltr'>que</span> <span class='ocrx_word' id='word_1_12' title='bbox 1738 892 1844 956; x_wconf 88' lang='lat' dir='ltr'>nuper</span> 
     </span>
     <span class='ocr_line' id='line_1_3' title="bbox 334 957 1843 1130; baseline 0 -107"><span class='ocrx_word' id='word_1_13' title='bbox 334 959 655 1130; x_wconf 46' lang='lat' dir='ltr'>ssprpntfiphannie</span> <span class='ocrx_word' id='word_1_14' title='bbox 681 961 826 1040; x_wconf 74' lang='lat' dir='ltr'>Druses,</span> <span class='ocrx_word' id='word_1_15' title='bbox 842 964 876 1025; x_wconf 92' lang='lat' dir='ltr'>in</span> <span class='ocrx_word' id='word_1_16' title='bbox 902 962 1132 1040; x_wconf 79' lang='lat' dir='ltr'>Ooarrrscrou,</span> <span class='ocrx_word' id='word_1_17' title='bbox 1156 961 1197 1024; x_wconf 90' lang='lat' dir='ltr'>de</span> <span class='ocrx_word' id='word_1_18' title='bbox 1221 959 1393 1024; x_wconf 80' lang='lat' dir='ltr'>heredibus</span> <span class='ocrx_word' id='word_1_19' title='bbox 1415 958 1589 1043; x_wconf 82' lang='lat' dir='ltr'>Reginaldi</span> <span class='ocrx_word' id='word_1_20' title='bbox 1604 960 1644 1025; x_wconf 89' lang='lat' dir='ltr'>de</span> <span class='ocrx_word' id='word_1_21' title='bbox 1660 957 1843 1039; x_wconf 84' lang='lat' dir='ltr'>Chaundos,</span> 
     </span>
    </p>
   </div>
   <div class='ocr_carea' id='block_1_3' title="bbox 333 1198 1843 1462">
    <p class='ocr_par' dir='ltr' id='par_1_3' title="bbox 333 1198 1843 1462">
     <span class='ocr_line' id='line_1_4' title="bbox 378 1198 1842 1286; baseline 0.003 -26"><span class='ocrx_word' id='word_1_22' title='bbox 378 1198 470 1263; x_wconf 88' lang='lat' dir='ltr'>Prior</span> <span class='ocrx_word' id='word_1_23' title='bbox 484 1201 525 1262; x_wconf 94' lang='lat' dir='ltr'>de</span> <span class='ocrx_word' id='word_1_24' title='bbox 540 1200 681 1286; x_wconf 84' lang='lat' dir='ltr'>Farlegh</span> <span class='ocrx_word' id='word_1_25' title='bbox 696 1208 789 1265; x_wconf 86' lang='lat' dir='ltr'>tenet</span> <span class='ocrx_word' id='word_1_26' title='bbox 804 1201 995 1265; x_wconf 85' lang='lat' dir='ltr'>immediate</span> <span class='ocrx_word' id='word_1_27' title='bbox 1010 1207 1099 1265; x_wconf 87' lang='lat' dir='ltr'>certa</span> <span class='ocrx_word' id='word_1_28' title='bbox 1114 1206 1215 1265; x_wconf 90' lang='lat' dir='ltr'>terras</span> <span class='ocrx_word' id='word_1_29' title='bbox 1230 1206 1266 1264; x_wconf 88' lang='lat' dir='ltr'>et</span> <span class='ocrx_word' id='word_1_30' title='bbox 1280 1206 1479 1278; x_wconf 79' lang='lat' dir='ltr'>tenemento,</span> <span class='ocrx_word' id='word_1_31' title='bbox 1494 1221 1558 1284; x_wconf 90' lang='lat' dir='ltr'>que</span> <span class='ocrx_word' id='word_1_32' title='bbox 1582 1219 1685 1284; x_wconf 89' lang='lat' dir='ltr'>nuper</span> <span class='ocrx_word' id='word_1_33' title='bbox 1711 1201 1842 1264; x_wconf 88' lang='lat' dir='ltr'>inerunt</span> 
     </span>
     <span class='ocr_line' id='line_1_5' title="bbox 335 1286 1843 1372; baseline 0.002 -24"><span class='ocrx_word' id='word_1_34' title='bbox 335 1287 451 1370; x_wconf 90' lang='lat' dir='ltr'>prioris</span> <span class='ocrx_word' id='word_1_35' title='bbox 475 1288 514 1350; x_wconf 91' lang='lat' dir='ltr'>de</span> <span class='ocrx_word' id='word_1_36' title='bbox 542 1287 689 1372; x_wconf 79' lang='lat' dir='ltr'>Fariegh,</span> <span class='ocrx_word' id='word_1_37' title='bbox 703 1291 738 1351; x_wconf 92' lang='lat' dir='ltr'>in</span> <span class='ocrx_word' id='word_1_38' title='bbox 755 1289 973 1356; x_wconf 78' lang='lat' dir='ltr'>Goarrserou</span> <span class='ocrx_word' id='word_1_39' title='bbox 997 1293 1033 1352; x_wconf 92' lang='lat' dir='ltr'>in</span> <span class='ocrx_word' id='word_1_40' title='bbox 1060 1309 1175 1372; x_wconf 90' lang='lat' dir='ltr'>puram</span> <span class='ocrx_word' id='word_1_41' title='bbox 1198 1288 1408 1352; x_wconf 82' lang='lat' dir='ltr'>elemosinam</span> <span class='ocrx_word' id='word_1_42' title='bbox 1436 1288 1476 1351; x_wconf 89' lang='lat' dir='ltr'>de</span> <span class='ocrx_word' id='word_1_43' title='bbox 1490 1288 1655 1354; x_wconf 89' lang='lat' dir='ltr'>Willelmo</span> <span class='ocrx_word' id='word_1_44' title='bbox 1671 1286 1843 1366; x_wconf 81' lang='lat' dir='ltr'>Botreeux,</span> 
     </span>
     <span class='ocr_line' id='line_1_6' title="bbox 333 1373 1462 1462; baseline 0.004 -26"><span class='ocrx_word' id='word_1_45' title='bbox 333 1373 484 1452; x_wconf 87' lang='lat' dir='ltr'>chivaler,</span> <span class='ocrx_word' id='word_1_46' title='bbox 499 1381 535 1439; x_wconf 90' lang='lat' dir='ltr'>et</span> <span class='ocrx_word' id='word_1_47' title='bbox 549 1375 646 1439; x_wconf 89' lang='lat' dir='ltr'>solvit</span> <span class='ocrx_word' id='word_1_48' title='bbox 661 1376 805 1441; x_wconf 90' lang='lat' dir='ltr'>decimas</span> <span class='ocrx_word' id='word_1_49' title='bbox 820 1397 878 1460; x_wconf 90' lang='lat' dir='ltr'>pro</span> <span class='ocrx_word' id='word_1_50' title='bbox 892 1376 1016 1440; x_wconf 90' lang='lat' dir='ltr'>eisdem</span> <span class='ocrx_word' id='word_1_51' title='bbox 1033 1376 1163 1462; x_wconf 89' lang='lat' dir='ltr'>quando</span> <span class='ocrx_word' id='word_1_52' title='bbox 1176 1375 1301 1438; x_wconf 91' lang='lat' dir='ltr'>decime</span> <span class='ocrx_word' id='word_1_53' title='bbox 1317 1382 1462 1440; x_wconf 91' lang='lat' dir='ltr'>currunt.</span> 
     </span>
    </p>
   </div>
   <div class='ocr_carea' id='block_1_4' title="bbox 331 1541 1841 1890">
    <p class='ocr_par' dir='ltr' id='par_1_4' title="bbox 331 1541 1841 1890">
     <span class='ocr_line' id='line_1_7' title="bbox 375 1541 1841 1629; baseline 0.001 -24"><span class='ocrx_word' id='word_1_54' title='bbox 375 1541 468 1606; x_wconf 88' lang='lat' dir='ltr'><strong>Prior</strong></span> <span class='ocrx_word' id='word_1_55' title='bbox 491 1543 533 1606; x_wconf 91' lang='lat' dir='ltr'>de</span> <span class='ocrx_word' id='word_1_56' title='bbox 558 1544 745 1608; x_wconf 90' lang='lat' dir='ltr'>Bremmore</span> <span class='ocrx_word' id='word_1_57' title='bbox 775 1551 870 1608; x_wconf 78' lang='lat' dir='ltr'>tenet</span> <span class='ocrx_word' id='word_1_58' title='bbox 893 1546 1089 1609; x_wconf 88' lang='lat' dir='ltr'>immediate</span> <span class='ocrx_word' id='word_1_59' title='bbox 1114 1551 1203 1608; x_wconf 89' lang='lat' dir='ltr'>certa</span> <span class='ocrx_word' id='word_1_60' title='bbox 1232 1555 1335 1608; x_wconf 88' lang='lat' dir='ltr'>terras</span> <span class='ocrx_word' id='word_1_61' title='bbox 1360 1550 1395 1608; x_wconf 88' lang='lat' dir='ltr'>et</span> <span class='ocrx_word' id='word_1_62' title='bbox 1420 1549 1622 1622; x_wconf 87' lang='lat' dir='ltr'>tenementa,</span> <span class='ocrx_word' id='word_1_63' title='bbox 1650 1564 1712 1629; x_wconf 89' lang='lat' dir='ltr'>que</span> <span class='ocrx_word' id='word_1_64' title='bbox 1737 1563 1841 1628; x_wconf 85' lang='lat' dir='ltr'>nuper</span> 
     </span>
     <span class='ocr_line' id='line_1_8' title="bbox 331 1629 1841 1714; baseline 0.001 -22"><span class='ocrx_word' id='word_1_65' title='bbox 331 1629 466 1694; x_wconf 88' lang='lat' dir='ltr'>fuerunt</span> <span class='ocrx_word' id='word_1_66' title='bbox 480 1633 597 1714; x_wconf 89' lang='lat' dir='ltr'>prioris</span> <span class='ocrx_word' id='word_1_67' title='bbox 611 1632 651 1695; x_wconf 90' lang='lat' dir='ltr'>de</span> <span class='ocrx_word' id='word_1_68' title='bbox 667 1631 865 1711; x_wconf 90' lang='lat' dir='ltr'>Bremmore,</span> <span class='ocrx_word' id='word_1_69' title='bbox 882 1633 917 1695; x_wconf 92' lang='lat' dir='ltr'>in</span> <span class='ocrx_word' id='word_1_70' title='bbox 945 1632 1177 1710; x_wconf 78' lang='lat' dir='ltr'>Cosrrrrerou,</span> <span class='ocrx_word' id='word_1_71' title='bbox 1193 1631 1234 1694; x_wconf 89' lang='lat' dir='ltr'>de</span> <span class='ocrx_word' id='word_1_72' title='bbox 1248 1651 1313 1714; x_wconf 94' lang='lat' dir='ltr'>quo</span> <span class='ocrx_word' id='word_1_73' title='bbox 1329 1630 1379 1694; x_wconf 88' lang='lat' dir='ltr'>vel</span> <span class='ocrx_word' id='word_1_74' title='bbox 1405 1631 1444 1694; x_wconf 90' lang='lat' dir='ltr'>de</span> <span class='ocrx_word' id='word_1_75' title='bbox 1465 1631 1584 1714; x_wconf 90' lang='lat' dir='ltr'>quibus</span> <span class='ocrx_word' id='word_1_76' title='bbox 1605 1633 1767 1714; x_wconf 81' lang='lat' dir='ltr'>ignorant,</span> <span class='ocrx_word' id='word_1_77' title='bbox 1784 1652 1841 1714; x_wconf 93' lang='lat' dir='ltr'>per</span> 
     </span>
     <span class='ocr_line' id='line_1_9' title="bbox 332 1719 1839 1804; baseline 0.001 -24"><span class='ocrx_word' id='word_1_78' title='bbox 332 1725 482 1800; x_wconf 85' lang='lat' dir='ltr'>quartam</span> <span class='ocrx_word' id='word_1_79' title='bbox 505 1724 635 1801; x_wconf 87' lang='lat' dir='ltr'>partem</span> <span class='ocrx_word' id='word_1_80' title='bbox 659 1741 715 1784; x_wconf 91' lang='lat' dir='ltr'>un.</span> <span class='ocrx_word' id='word_1_81' title='bbox 731 1719 755 1785; x_wconf 87' lang='lat' dir='ltr'>f.</span> <span class='ocrx_word' id='word_1_82' title='bbox 770 1741 815 1785; x_wconf 91' lang='lat' dir='ltr'>m.</span> <span class='ocrx_word' id='word_1_83' title='bbox 841 1721 876 1783; x_wconf 93' lang='lat' dir='ltr'>in</span> <span class='ocrx_word' id='word_1_84' title='bbox 901 1732 1018 1804; x_wconf 86' lang='lat' dir='ltr'>puram</span> <span class='ocrx_word' id='word_1_85' title='bbox 1042 1719 1256 1783; x_wconf 76' lang='lat' dir='ltr'><strong>elemosinam</strong></span> <span class='ocrx_word' id='word_1_86' title='bbox 1281 1723 1317 1782; x_wconf 89' lang='lat' dir='ltr'>et</span> <span class='ocrx_word' id='word_1_87' title='bbox 1342 1719 1440 1782; x_wconf 86' lang='lat' dir='ltr'>solvit</span> <span class='ocrx_word' id='word_1_88' title='bbox 1465 1719 1607 1783; x_wconf 88' lang='lat' dir='ltr'>decimas</span> <span class='ocrx_word' id='word_1_89' title='bbox 1632 1739 1690 1802; x_wconf 90' lang='lat' dir='ltr'>pro</span> <span class='ocrx_word' id='word_1_90' title='bbox 1715 1719 1839 1782; x_wconf 89' lang='lat' dir='ltr'>eisdem</span> 
     </span>
     <span class='ocr_line' id='line_1_10' title="bbox 332 1805 848 1890; baseline 0.008 -23"><span class='ocrx_word' id='word_1_91' title='bbox 332 1805 463 1890; x_wconf 91' lang='lat' dir='ltr'>quando</span> <span class='ocrx_word' id='word_1_92' title='bbox 477 1805 603 1870; x_wconf 89' lang='lat' dir='ltr'>decime</span> <span class='ocrx_word' id='word_1_93' title='bbox 617 1812 763 1870; x_wconf 86' lang='lat' dir='ltr'>currunt.</span> <span class='ocrx_word' id='word_1_94' title='bbox 844 1871 848 1879; x_wconf 77' lang='grc'><strong>,</strong></span> 
     </span>
    </p>
   </div>
   <div class='ocr_carea' id='block_1_5' title="bbox 332 1973 1840 2145">
    <p class='ocr_par' dir='ltr' id='par_1_5' title="bbox 332 1973 1840 2145">
     <span class='ocr_line' id='line_1_11' title="bbox 376 1973 1840 2058; baseline 0.001 -23"><span class='ocrx_word' id='word_1_95' title='bbox 376 1973 533 2037; x_wconf 87' lang='lat' dir='ltr'>Ricardus</span> <span class='ocrx_word' id='word_1_96' title='bbox 560 1973 725 2037; x_wconf 88' lang='lat' dir='ltr'>Miiburne</span> <span class='ocrx_word' id='word_1_97' title='bbox 754 1978 846 2038; x_wconf 90' lang='lat' dir='ltr'>tenet</span> <span class='ocrx_word' id='word_1_98' title='bbox 877 1974 1071 2038; x_wconf 89' lang='lat' dir='ltr'>immediate</span> <span class='ocrx_word' id='word_1_99' title='bbox 1096 1979 1184 2038; x_wconf 89' lang='lat' dir='ltr'>certa</span> <span class='ocrx_word' id='word_1_100' title='bbox 1213 1979 1316 2038; x_wconf 87' lang='lat' dir='ltr'>terras</span> <span class='ocrx_word' id='word_1_101' title='bbox 1346 1983 1379 2036; x_wconf 87' lang='lat' dir='ltr'>et</span> <span class='ocrx_word' id='word_1_102' title='bbox 1410 1978 1612 2050; x_wconf 77' lang='lat' dir='ltr'>tenemento,</span> <span class='ocrx_word' id='word_1_103' title='bbox 1642 1993 1706 2055; x_wconf 86' lang='lat' dir='ltr'>que</span> <span class='ocrx_word' id='word_1_104' title='bbox 1736 1992 1840 2058; x_wconf 85' lang='lat' dir='ltr'>nuper</span> 
     </span>
     <span class='ocr_line' id='line_1_12' title="bbox 332 2057 1702 2145; baseline 0.001 -23"><span class='ocrx_word' id='word_1_105' title='bbox 332 2061 464 2124; x_wconf 85' lang='lat' dir='ltr'>fuerunt</span> <span class='ocrx_word' id='word_1_106' title='bbox 478 2060 598 2145; x_wconf 79' lang='lat' dir='ltr'>Rogeri</span> <span class='ocrx_word' id='word_1_107' title='bbox 614 2061 790 2139; x_wconf 78' lang='lat' dir='ltr'>Giirewast,</span> <span class='ocrx_word' id='word_1_108' title='bbox 805 2064 841 2126; x_wconf 92' lang='lat' dir='ltr'>in</span> <span class='ocrx_word' id='word_1_109' title='bbox 857 2063 1063 2142; x_wconf 76' lang='lat' dir='ltr'>Cnrrrnrrrrs,</span> <span class='ocrx_word' id='word_1_110' title='bbox 1080 2062 1122 2125; x_wconf 90' lang='lat' dir='ltr'>de</span> <span class='ocrx_word' id='word_1_111' title='bbox 1137 2062 1258 2125; x_wconf 87' lang='lat' dir='ltr'>comite</span> <span class='ocrx_word' id='word_1_112' title='bbox 1273 2060 1467 2138; x_wconf 89' lang='lat' dir='ltr'>Sarisburie,</span> <span class='ocrx_word' id='word_1_113' title='bbox 1484 2080 1542 2142; x_wconf 85' lang='lat' dir='ltr'>per</span> <span class='ocrx_word' id='word_1_114' title='bbox 1557 2060 1600 2124; x_wconf 93' lang='lat' dir='ltr'>di.</span> <span class='ocrx_word' id='word_1_115' title='bbox 1616 2057 1640 2124; x_wconf 83' lang='lat' dir='ltr'>f.</span> <span class='ocrx_word' id='word_1_116' title='bbox 1658 2081 1702 2124; x_wconf 92' lang='lat' dir='ltr'>m.</span> 
     </span>
    </p>
   </div>
   <div class='ocr_carea' id='block_1_6' title="bbox 331 2227 1837 2402">
    <p class='ocr_par' dir='ltr' id='par_1_6' title="bbox 331 2227 1837 2402">
     <span class='ocr_line' id='line_1_13' title="bbox 376 2227 1837 2314; baseline 0.003 -25"><span class='ocrx_word' id='word_1_117' title='bbox 376 2227 516 2291; x_wconf 88' lang='lat' dir='ltr'>Heredes</span> <span class='ocrx_word' id='word_1_118' title='bbox 540 2227 659 2314; x_wconf 78' lang='lat' dir='ltr'>Rogeri</span> <span class='ocrx_word' id='word_1_119' title='bbox 684 2227 918 2313; x_wconf 80' lang='lat' dir='ltr'>Tychebourne</span> <span class='ocrx_word' id='word_1_120' title='bbox 944 2239 1062 2292; x_wconf 86' lang='lat' dir='ltr'>tenent</span> <span class='ocrx_word' id='word_1_121' title='bbox 1086 2229 1277 2292; x_wconf 83' lang='lat' dir='ltr'>immediate</span> <span class='ocrx_word' id='word_1_122' title='bbox 1292 2235 1383 2291; x_wconf 87' lang='lat' dir='ltr'>certa</span> <span class='ocrx_word' id='word_1_123' title='bbox 1398 2232 1498 2290; x_wconf 90' lang='lat' dir='ltr'>terras</span> <span class='ocrx_word' id='word_1_124' title='bbox 1512 2236 1544 2290; x_wconf 88' lang='lat' dir='ltr'>et</span> <span class='ocrx_word' id='word_1_125' title='bbox 1561 2233 1757 2306; x_wconf 68' lang='lat' dir='ltr'>tenementis,</span> <span class='ocrx_word' id='word_1_126' title='bbox 1774 2249 1837 2314; x_wconf 91' lang='lat' dir='ltr'>que</span> 
     </span>
     <span class='ocr_line' id='line_1_14' title="bbox 331 2313 1791 2402; baseline 0.002 -24"><span class='ocrx_word' id='word_1_127' title='bbox 331 2334 436 2399; x_wconf 87' lang='lat' dir='ltr'>nuper</span> <span class='ocrx_word' id='word_1_128' title='bbox 450 2315 584 2380; x_wconf 85' lang='lat' dir='ltr'>fuerunt</span> <span class='ocrx_word' id='word_1_129' title='bbox 600 2315 743 2400; x_wconf 83' lang='lat' dir='ltr'>predicti</span> <span class='ocrx_word' id='word_1_130' title='bbox 759 2317 880 2402; x_wconf 82' lang='lat' dir='ltr'>Rogeri</span> <span class='ocrx_word' id='word_1_131' title='bbox 896 2318 930 2379; x_wconf 90' lang='lat' dir='ltr'>in</span> <span class='ocrx_word' id='word_1_132' title='bbox 947 2316 1153 2394; x_wconf 78' lang='lat' dir='ltr'>Crrrrrnass,</span> <span class='ocrx_word' id='word_1_133' title='bbox 1170 2317 1211 2379; x_wconf 92' lang='lat' dir='ltr'>de</span> <span class='ocrx_word' id='word_1_134' title='bbox 1227 2316 1348 2379; x_wconf 86' lang='lat' dir='ltr'>comite</span> <span class='ocrx_word' id='word_1_135' title='bbox 1364 2313 1557 2392; x_wconf 87' lang='lat' dir='ltr'>Sarisburie,</span> <span class='ocrx_word' id='word_1_136' title='bbox 1574 2335 1631 2398; x_wconf 90' lang='lat' dir='ltr'>per</span> <span class='ocrx_word' id='word_1_137' title='bbox 1646 2316 1690 2379; x_wconf 90' lang='lat' dir='ltr'>di.</span> <span class='ocrx_word' id='word_1_138' title='bbox 1706 2316 1728 2381; x_wconf 84' lang='lat' dir='ltr'>s.</span> <span class='ocrx_word' id='word_1_139' title='bbox 1746 2338 1791 2381; x_wconf 92' lang='lat' dir='ltr'>m.</span> 
     </span>
    </p>
   </div>
   <div class='ocr_carea' id='block_1_7' title="bbox 330 2491 1837 2733">
    <p class='ocr_par' dir='ltr' id='par_1_7' title="bbox 330 2491 1837 2733">
     <span class='ocr_line' id='line_1_15' title="bbox 375 2491 1837 2575; baseline -0.001 -18"><span class='ocrx_word' id='word_1_140' title='bbox 375 2491 538 2557; x_wconf 86' lang='lat' dir='ltr'>Johannes</span> <span class='ocrx_word' id='word_1_141' title='bbox 567 2492 750 2575; x_wconf 85' lang='lat' dir='ltr'>Westbnry,</span> <span class='ocrx_word' id='word_1_142' title='bbox 782 2493 898 2572; x_wconf 91' lang='lat' dir='ltr'>senior,</span> <span class='ocrx_word' id='word_1_143' title='bbox 930 2499 1023 2557; x_wconf 88' lang='lat' dir='ltr'>tenet</span> <span class='ocrx_word' id='word_1_144' title='bbox 1059 2494 1100 2556; x_wconf 90' lang='lat' dir='ltr'>ad</span> <span class='ocrx_word' id='word_1_145' title='bbox 1138 2493 1316 2556; x_wconf 89' lang='lat' dir='ltr'>terminum</span> <span class='ocrx_word' id='word_1_146' title='bbox 1347 2493 1415 2555; x_wconf 88' lang='lat' dir='ltr'>vite</span> <span class='ocrx_word' id='word_1_147' title='bbox 1453 2511 1510 2554; x_wconf 89' lang='lat' dir='ltr'>sue</span> <span class='ocrx_word' id='word_1_148' title='bbox 1541 2504 1627 2555; x_wconf 85' lang='lat' dir='ltr'>certa</span> <span class='ocrx_word' id='word_1_149' title='bbox 1663 2496 1767 2556; x_wconf 87' lang='lat' dir='ltr'>terras</span> <span class='ocrx_word' id='word_1_150' title='bbox 1803 2497 1837 2556; x_wconf 90' lang='lat' dir='ltr'>et</span> 
     </span>
     <span class='ocr_line' id='line_1_16' title="bbox 330 2579 1837 2733; baseline 0.001 -90"><span class='ocrx_word' id='word_1_151' title='bbox 330 2583 609 2733; x_wconf 50' lang='lat' dir='ltr'>{reffiffiilgue</span> <span class='ocrx_word' id='word_1_152' title='bbox 633 2599 739 2664; x_wconf 87' lang='lat' dir='ltr'>nuper</span> <span class='ocrx_word' id='word_1_153' title='bbox 765 2579 901 2644; x_wconf 81' lang='lat' dir='ltr'>fuerunt</span> <span class='ocrx_word' id='word_1_154' title='bbox 924 2579 1058 2644; x_wconf 90' lang='lat' dir='ltr'>Roberti</span> <span class='ocrx_word' id='word_1_155' title='bbox 1085 2579 1176 2644; x_wconf 85' lang='lat' dir='ltr'>Belle</span> <span class='ocrx_word' id='word_1_156' title='bbox 1201 2581 1236 2643; x_wconf 90' lang='lat' dir='ltr'>in</span> <span class='ocrx_word' id='word_1_157' title='bbox 1263 2580 1396 2656; x_wconf 80' lang='lat' dir='ltr'>Hunun,</span> <span class='ocrx_word' id='word_1_158' title='bbox 1412 2579 1452 2643; x_wconf 92' lang='lat' dir='ltr'>de</span> <span class='ocrx_word' id='word_1_159' title='bbox 1476 2579 1560 2642; x_wconf 92' lang='lat' dir='ltr'>dono</span> <span class='ocrx_word' id='word_1_160' title='bbox 1586 2587 1620 2642; x_wconf 91' lang='lat' dir='ltr'>et</span> <span class='ocrx_word' id='word_1_161' title='bbox 1634 2581 1837 2644; x_wconf 75' lang='lat' dir='ltr'>concessione</span> 
     </span>
    </p>
   </div>
   <div class='ocr_carea' id='block_1_8' title="bbox 329 2815 1837 3059">
    <p class='ocr_par' dir='ltr' id='par_1_8' title="bbox 329 2815 1837 3059">
     <span class='ocr_line' id='line_1_17' title="bbox 374 2815 1837 2921; baseline 0.001 -37"><span class='ocrx_word' id='word_1_162' title='bbox 374 2815 537 2884; x_wconf 85' lang='lat' dir='ltr'>Johannes</span> <span class='ocrx_word' id='word_1_163' title='bbox 561 2817 748 2902; x_wconf 85' lang='lat' dir='ltr'>Westbury,</span> <span class='ocrx_word' id='word_1_164' title='bbox 771 2819 892 2903; x_wconf 86' lang='lat' dir='ltr'>junior,</span> <span class='ocrx_word' id='word_1_165' title='bbox 919 2823 1008 2883; x_wconf 86' lang='lat' dir='ltr'>tenet</span> <span class='ocrx_word' id='word_1_166' title='bbox 1034 2819 1223 2883; x_wconf 70' lang='lat' dir='ltr'>immediate</span> <span class='ocrx_word' id='word_1_167' title='bbox 1250 2825 1342 2883; x_wconf 87' lang='lat' dir='ltr'>certa</span> <span class='ocrx_word' id='word_1_168' title='bbox 1365 2827 1467 2883; x_wconf 82' lang='lat' dir='ltr'>terrae</span> <span class='ocrx_word' id='word_1_169' title='bbox 1492 2825 1527 2920; x_wconf 79' lang='lat' dir='ltr'>et</span> <span class='ocrx_word' id='word_1_170' title='bbox 1542 2825 1747 2921; x_wconf 70' lang='lat' dir='ltr'>tenemento,</span> <span class='ocrx_word' id='word_1_171' title='bbox 1772 2843 1837 2906; x_wconf 92' lang='lat' dir='ltr'>que</span> 
     </span>
     <span class='ocr_line' id='line_1_18' title="bbox 329 2904 1837 3059; baseline 0.003 -92"><span class='ocrx_word' id='word_1_172' title='bbox 329 2907 597 3059; x_wconf 63' lang='lat' dir='ltr'>pppfermiuerunt</span> <span class='ocrx_word' id='word_1_173' title='bbox 626 2904 749 2968; x_wconf 89' lang='lat' dir='ltr'>Thome</span> <span class='ocrx_word' id='word_1_174' title='bbox 777 2905 818 2968; x_wconf 92' lang='lat' dir='ltr'>de</span> <span class='ocrx_word' id='word_1_175' title='bbox 846 2905 938 2990; x_wconf 83' lang='lat' dir='ltr'>Cary,</span> <span class='ocrx_word' id='word_1_176' title='bbox 964 2909 1001 2969; x_wconf 91' lang='lat' dir='ltr'>in</span> <span class='ocrx_word' id='word_1_177' title='bbox 1026 2907 1136 2984; x_wconf 84' lang='lat' dir='ltr'>Hunu,</span> <span class='ocrx_word' id='word_1_178' title='bbox 1160 2906 1201 2969; x_wconf 90' lang='lat' dir='ltr'>de</span> <span class='ocrx_word' id='word_1_179' title='bbox 1232 2905 1406 2972; x_wconf 87' lang='lat' dir='ltr'>heredibus</span> <span class='ocrx_word' id='word_1_180' title='bbox 1435 2913 1568 2970; x_wconf 89' lang='lat' dir='ltr'>comrtrs</span> <span class='ocrx_word' id='word_1_181' title='bbox 1598 2906 1755 2987; x_wconf 85' lang='lat' dir='ltr'>Marehie,</span> <span class='ocrx_word' id='word_1_182' title='bbox 1780 2930 1837 2993; x_wconf 92' lang='lat' dir='ltr'>per</span> 
     </span>
    </p>
   </div>
   <div class='ocr_carea' id='block_1_9' title="bbox 330 3129 1862 3406">
    <p class='ocr_par' dir='ltr' id='par_1_9' title="bbox 330 3129 1862 3406">
     <span class='ocr_line' id='line_1_19' title="bbox 374 3129 1835 3232; baseline 0 -18"><span class='ocrx_word' id='word_1_183' title='bbox 374 3145 536 3214; x_wconf 71' lang='lat' dir='ltr'>iohannes</span> <span class='ocrx_word' id='word_1_184' title='bbox 559 3147 743 3230; x_wconf 83' lang='lat' dir='ltr'>Westbury,</span> <span class='ocrx_word' id='word_1_185' title='bbox 764 3146 884 3231; x_wconf 91' lang='lat' dir='ltr'>junior,</span> <span class='ocrx_word' id='word_1_186' title='bbox 910 3154 1001 3212; x_wconf 90' lang='lat' dir='ltr'>tenet</span> <span class='ocrx_word' id='word_1_187' title='bbox 1024 3129 1215 3213; x_wconf 74' lang='lat' dir='ltr'>immediate</span> <span class='ocrx_word' id='word_1_188' title='bbox 1243 3155 1334 3211; x_wconf 85' lang='lat' dir='ltr'>certa</span> <span class='ocrx_word' id='word_1_189' title='bbox 1359 3153 1460 3212; x_wconf 87' lang='lat' dir='ltr'>terras</span> <span class='ocrx_word' id='word_1_190' title='bbox 1486 3153 1520 3211; x_wconf 88' lang='lat' dir='ltr'>et</span> <span class='ocrx_word' id='word_1_191' title='bbox 1549 3154 1746 3226; x_wconf 82' lang='lat' dir='ltr'>tenemento,</span> <span class='ocrx_word' id='word_1_192' title='bbox 1771 3169 1835 3232; x_wconf 89' lang='lat' dir='ltr'>que</span> 
     </span>
     <span class='ocr_line' id='line_1_20' title="bbox 330 3233 1862 3320; baseline 0.001 -22"><span class='ocrx_word' id='word_1_193' title='bbox 330 3255 433 3319; x_wconf 90' lang='lat' dir='ltr'>nuper</span> <span class='ocrx_word' id='word_1_194' title='bbox 446 3233 579 3298; x_wconf 84' lang='lat' dir='ltr'>fuerunt</span> <span class='ocrx_word' id='word_1_195' title='bbox 593 3234 751 3300; x_wconf 86' lang='lat' dir='ltr'>Johannis</span> <span class='ocrx_word' id='word_1_196' title='bbox 765 3235 805 3297; x_wconf 92' lang='lat' dir='ltr'>de</span> <span class='ocrx_word' id='word_1_197' title='bbox 821 3235 989 3319; x_wconf 86' lang='lat' dir='ltr'>Hyneton,</span> <span class='ocrx_word' id='word_1_198' title='bbox 1006 3237 1040 3299; x_wconf 89' lang='lat' dir='ltr'>in</span> <span class='ocrx_word' id='word_1_199' title='bbox 1063 3236 1185 3301; x_wconf 81' lang='lat' dir='ltr'>Huuns</span> <span class='ocrx_word' id='word_1_200' title='bbox 1208 3241 1243 3299; x_wconf 89' lang='lat' dir='ltr'>et</span> <span class='ocrx_word' id='word_1_201' title='bbox 1258 3238 1405 3314; x_wconf 77' lang='lat' dir='ltr'>Aesona,</span> <span class='ocrx_word' id='word_1_202' title='bbox 1434 3235 1474 3300; x_wconf 88' lang='lat' dir='ltr'>de</span> <span class='ocrx_word' id='word_1_203' title='bbox 1498 3239 1618 3298; x_wconf 90' lang='lat' dir='ltr'>comite</span> <span class='ocrx_word' id='word_1_204' title='bbox 1643 3235 1837 3316; x_wconf 88' lang='lat' dir='ltr'>Sariaburie,</span> <span class='ocrx_word' id='word_1_205' title='bbox 1859 3309 1862 3320; x_wconf 31' lang='lat'><strong>¹</strong></span> 
     </span>
     <span class='ocr_line' id='line_1_21' title="bbox 330 3322 868 3406; baseline 0.006 -22"><span class='ocrx_word' id='word_1_206' title='bbox 330 3342 387 3406; x_wconf 89' lang='lat' dir='ltr'>per</span> <span class='ocrx_word' id='word_1_207' title='bbox 402 3329 549 3406; x_wconf 89' lang='lat' dir='ltr'>quartam</span> <span class='ocrx_word' id='word_1_208' title='bbox 566 3329 693 3405; x_wconf 90' lang='lat' dir='ltr'>partem</span> <span class='ocrx_word' id='word_1_209' title='bbox 709 3341 765 3386; x_wconf 88' lang='lat' dir='ltr'>un.</span> <span class='ocrx_word' id='word_1_210' title='bbox 782 3322 805 3386; x_wconf 82' lang='lat' dir='ltr'>f.</span> <span class='ocrx_word' id='word_1_211' title='bbox 822 3343 868 3387; x_wconf 90' lang='lat' dir='ltr'>m.</span> 
     </span>
    </p>
   </div>
   <div class='ocr_carea' id='block_1_10' title="bbox 328 3486 1834 3836">
    <p class='ocr_par' dir='ltr' id='par_1_10' title="bbox 328 3486 1834 3836">
     <span class='ocr_line' id='line_1_22' title="bbox 372 3486 1834 3575; baseline -0.001 -18"><span class='ocrx_word' id='word_1_212' title='bbox 372 3486 537 3557; x_wconf 85' lang='lat' dir='ltr'>Johannes</span> <span class='ocrx_word' id='word_1_213' title='bbox 552 3489 687 3553; x_wconf 87' lang='lat' dir='ltr'>Burnell</span> <span class='ocrx_word' id='word_1_214' title='bbox 701 3495 794 3553; x_wconf 90' lang='lat' dir='ltr'>tenet</span> <span class='ocrx_word' id='word_1_215' title='bbox 809 3491 1002 3554; x_wconf 81' lang='lat' dir='ltr'>immediate</span> <span class='ocrx_word' id='word_1_216' title='bbox 1016 3495 1108 3554; x_wconf 87' lang='lat' dir='ltr'>certa</span> <span class='ocrx_word' id='word_1_217' title='bbox 1124 3495 1226 3553; x_wconf 88' lang='lat' dir='ltr'>terras</span> <span class='ocrx_word' id='word_1_218' title='bbox 1242 3493 1277 3553; x_wconf 92' lang='lat' dir='ltr'>et</span> <span class='ocrx_word' id='word_1_219' title='bbox 1292 3494 1489 3568; x_wconf 77' lang='lat' dir='ltr'>tenemento,</span> <span class='ocrx_word' id='word_1_220' title='bbox 1505 3511 1568 3575; x_wconf 90' lang='lat' dir='ltr'>que</span> <span class='ocrx_word' id='word_1_221' title='bbox 1584 3511 1686 3574; x_wconf 90' lang='lat' dir='ltr'>nuper</span> <span class='ocrx_word' id='word_1_222' title='bbox 1700 3491 1834 3556; x_wconf 82' lang='lat' dir='ltr'>inerunt</span> 
     </span>
     <span class='ocr_line' id='line_1_23' title="bbox 329 3575 1833 3659; baseline 0.003 -19"><span class='ocrx_word' id='word_1_223' title='bbox 329 3578 484 3640; x_wconf 88' lang='lat' dir='ltr'>Mauricii</span> <span class='ocrx_word' id='word_1_224' title='bbox 509 3576 549 3639; x_wconf 88' lang='lat' dir='ltr'>de</span> <span class='ocrx_word' id='word_1_225' title='bbox 576 3575 732 3659; x_wconf 87' lang='lat' dir='ltr'>Berkeley</span> <span class='ocrx_word' id='word_1_226' title='bbox 756 3577 791 3639; x_wconf 92' lang='lat' dir='ltr'>iu</span> <span class='ocrx_word' id='word_1_227' title='bbox 817 3578 949 3655; x_wconf 84' lang='lat' dir='ltr'>Hunnn,</span> <span class='ocrx_word' id='word_1_228' title='bbox 977 3578 1019 3640; x_wconf 91' lang='lat' dir='ltr'>ad</span> <span class='ocrx_word' id='word_1_229' title='bbox 1043 3577 1221 3641; x_wconf 86' lang='lat' dir='ltr'>terminum</span> <span class='ocrx_word' id='word_1_230' title='bbox 1237 3577 1305 3641; x_wconf 88' lang='lat' dir='ltr'>vite</span> <span class='ocrx_word' id='word_1_231' title='bbox 1330 3597 1386 3640; x_wconf 88' lang='lat' dir='ltr'>sue</span> <span class='ocrx_word' id='word_1_232' title='bbox 1408 3597 1448 3639; x_wconf 84' lang='lat' dir='ltr'>ex</span> <span class='ocrx_word' id='word_1_233' title='bbox 1471 3577 1660 3642; x_wconf 88' lang='lat' dir='ltr'>dimissione</span> <span class='ocrx_word' id='word_1_234' title='bbox 1675 3576 1833 3644; x_wconf 73' lang='lat' dir='ltr'>iohannis</span> 
     </span>
     <span class='ocr_line' id='line_1_24' title="bbox 328 3662 1832 3752; baseline 0.001 -25"><span class='ocrx_word' id='word_1_235' title='bbox 328 3665 531 3728; x_wconf 86' lang='lat' dir='ltr'>Mautravers</span> <span class='ocrx_word' id='word_1_236' title='bbox 552 3684 609 3746; x_wconf 91' lang='lat' dir='ltr'>per</span> <span class='ocrx_word' id='word_1_237' title='bbox 632 3663 796 3728; x_wconf 86' lang='lat' dir='ltr'>redditum</span> <span class='ocrx_word' id='word_1_238' title='bbox 812 3664 888 3748; x_wconf 74' lang='lat' dir='ltr'>rja.</span> <span class='ocrx_word' id='word_1_239' title='bbox 904 3663 1015 3752; x_wconf 63' lang='lat' dir='ltr'>vitto.</span> <span class='ocrx_word' id='word_1_240' title='bbox 1032 3665 1140 3728; x_wconf 89' lang='lat' dir='ltr'>eidem</span> <span class='ocrx_word' id='word_1_241' title='bbox 1166 3662 1309 3731; x_wconf 85' lang='lat' dir='ltr'>Jobanni</span> <span class='ocrx_word' id='word_1_242' title='bbox 1335 3670 1370 3727; x_wconf 91' lang='lat' dir='ltr'>et</span> <span class='ocrx_word' id='word_1_243' title='bbox 1396 3663 1567 3728; x_wconf 88' lang='lat' dir='ltr'>heredibus</span> <span class='ocrx_word' id='word_1_244' title='bbox 1590 3665 1656 3728; x_wconf 90' lang='lat' dir='ltr'>suis</span> <span class='ocrx_word' id='word_1_245' title='bbox 1672 3666 1750 3729; x_wconf 89' lang='lat' dir='ltr'>inde</span> <span class='ocrx_word' id='word_1_246' title='bbox 1774 3687 1832 3750; x_wconf 89' lang='lat' dir='ltr'>pro</span> 
     </span>
     <span class='ocr_line' id='line_1_25' title="bbox 328 3750 1219 3836; baseline 0.002 -20"><span class='ocrx_word' id='word_1_247' title='bbox 328 3752 479 3816; x_wconf 88' lang='lat' dir='ltr'>omnibus</span> <span class='ocrx_word' id='word_1_248' title='bbox 492 3752 636 3814; x_wconf 84' lang='lat' dir='ltr'>serviciis</span> <span class='ocrx_word' id='word_1_249' title='bbox 650 3771 709 3836; x_wconf 91' lang='lat' dir='ltr'>per</span> <span class='ocrx_word' id='word_1_250' title='bbox 723 3771 846 3814; x_wconf 88' lang='lat' dir='ltr'>annum</span> <span class='ocrx_word' id='word_1_251' title='bbox 863 3752 1023 3815; x_wconf 87' lang='lat' dir='ltr'>solvendis</span> <span class='ocrx_word' id='word_1_252' title='bbox 1039 3752 1102 3816; x_wconf 92' lang='lat' dir='ltr'>sibi</span> <span class='ocrx_word' id='word_1_253' title='bbox 1118 3750 1219 3818; x_wconf 86' lang='lat' dir='ltr'>iacta.</span> 
     </span>
    </p>
   </div>
   <div class='ocr_carea' id='block_1_11' title="bbox 327 3912 1833 4174">
    <p class='ocr_par' dir='ltr' id='par_1_11' title="bbox 327 3912 1833 4174">
     <span class='ocr_line' id='line_1_26' title="bbox 372 3912 1832 3999; baseline 0.002 -24"><span class='ocrx_word' id='word_1_254' title='bbox 372 3912 466 3977; x_wconf 90' lang='lat' dir='ltr'>Prior</span> <span class='ocrx_word' id='word_1_255' title='bbox 488 3914 529 3977; x_wconf 91' lang='lat' dir='ltr'>de</span> <span class='ocrx_word' id='word_1_256' title='bbox 554 3913 736 3995; x_wconf 79' lang='lat' dir='ltr'>Bradelegh</span> <span class='ocrx_word' id='word_1_257' title='bbox 760 3919 853 3978; x_wconf 87' lang='lat' dir='ltr'>tenet</span> <span class='ocrx_word' id='word_1_258' title='bbox 877 3913 1070 3978; x_wconf 88' lang='lat' dir='ltr'>immediate</span> <span class='ocrx_word' id='word_1_259' title='bbox 1093 3919 1185 3978; x_wconf 87' lang='lat' dir='ltr'>certa</span> <span class='ocrx_word' id='word_1_260' title='bbox 1209 3918 1314 3977; x_wconf 89' lang='lat' dir='ltr'>terras</span> <span class='ocrx_word' id='word_1_261' title='bbox 1342 3917 1376 3976; x_wconf 91' lang='lat' dir='ltr'>et</span> <span class='ocrx_word' id='word_1_262' title='bbox 1405 3918 1605 3990; x_wconf 86' lang='lat' dir='ltr'>tenementa,</span> <span class='ocrx_word' id='word_1_263' title='bbox 1636 3935 1699 3998; x_wconf 89' lang='lat' dir='ltr'>que</span> <span class='ocrx_word' id='word_1_264' title='bbox 1728 3935 1832 3999; x_wconf 90' lang='lat' dir='ltr'>nuper</span> 
     </span>
     <span class='ocr_line' id='line_1_27' title="bbox 327 3998 1833 4086; baseline 0.001 -22"><span class='ocrx_word' id='word_1_265' title='bbox 327 4002 459 4065; x_wconf 79' lang='lat' dir='ltr'>fuerunt</span> <span class='ocrx_word' id='word_1_266' title='bbox 474 4001 633 4066; x_wconf 80' lang='lat' dir='ltr'>iohannis</span> <span class='ocrx_word' id='word_1_267' title='bbox 648 4001 815 4085; x_wconf 84' lang='lat' dir='ltr'>Wasprey‚</span> <span class='ocrx_word' id='word_1_268' title='bbox 831 4002 865 4064; x_wconf 91' lang='lat' dir='ltr'>in</span> <span class='ocrx_word' id='word_1_269' title='bbox 883 4002 1082 4080; x_wconf 72' lang='lat' dir='ltr'>Barnaeum,</span> <span class='ocrx_word' id='word_1_270' title='bbox 1096 4001 1137 4065; x_wconf 90' lang='lat' dir='ltr'>de</span> <span class='ocrx_word' id='word_1_271' title='bbox 1152 3999 1326 4065; x_wconf 88' lang='lat' dir='ltr'>heredibus</span> <span class='ocrx_word' id='word_1_272' title='bbox 1341 3999 1477 4064; x_wconf 88' lang='lat' dir='ltr'>Roberti</span> <span class='ocrx_word' id='word_1_273' title='bbox 1493 4000 1532 4064; x_wconf 91' lang='lat' dir='ltr'>de</span> <span class='ocrx_word' id='word_1_274' title='bbox 1548 3998 1746 4082; x_wconf 83' lang='lat' dir='ltr'>Columbers,</span> <span class='ocrx_word' id='word_1_275' title='bbox 1775 4023 1833 4086; x_wconf 83' lang='lat' dir='ltr'>per</span> 
     </span>
     <span class='ocr_line' id='line_1_28' title="bbox 328 4088 790 4174; baseline 0.002 -22"><span class='ocrx_word' id='word_1_276' title='bbox 328 4101 476 4174; x_wconf 86' lang='lat' dir='ltr'>quartam</span> <span class='ocrx_word' id='word_1_277' title='bbox 492 4093 616 4171; x_wconf 86' lang='lat' dir='ltr'>partem</span> <span class='ocrx_word' id='word_1_278' title='bbox 633 4106 689 4152; x_wconf 90' lang='lat' dir='ltr'>un.</span> <span class='ocrx_word' id='word_1_279' title='bbox 706 4088 728 4151; x_wconf 88' lang='lat' dir='ltr'>f.</span> <span class='ocrx_word' id='word_1_280' title='bbox 745 4110 790 4153; x_wconf 93' lang='lat' dir='ltr'>m.</span> 
     </span>
    </p>
   </div>
   <div class='ocr_carea' id='block_1_12' title="bbox 324 4245 1831 4508">
    <p class='ocr_par' dir='ltr' id='par_1_12' title="bbox 324 4245 1831 4508">
     <span class='ocr_line' id='line_1_29' title="bbox 370 4245 1831 4334; baseline 0.002 -24"><span class='ocrx_word' id='word_1_281' title='bbox 370 4248 462 4312; x_wconf 88' lang='lat' dir='ltr'>Prior</span> <span class='ocrx_word' id='word_1_282' title='bbox 482 4248 523 4311; x_wconf 91' lang='lat' dir='ltr'>de</span> <span class='ocrx_word' id='word_1_283' title='bbox 547 4245 769 4311; x_wconf 86' lang='lat' dir='ltr'>Bradenstolre</span> <span class='ocrx_word' id='word_1_284' title='bbox 795 4254 888 4312; x_wconf 89' lang='lat' dir='ltr'>tenet</span> <span class='ocrx_word' id='word_1_285' title='bbox 910 4249 1104 4312; x_wconf 89' lang='lat' dir='ltr'>immediate</span> <span class='ocrx_word' id='word_1_286' title='bbox 1128 4255 1216 4312; x_wconf 87' lang='lat' dir='ltr'>certa</span> <span class='ocrx_word' id='word_1_287' title='bbox 1240 4253 1341 4312; x_wconf 88' lang='lat' dir='ltr'>terras</span> <span class='ocrx_word' id='word_1_288' title='bbox 1365 4257 1399 4312; x_wconf 88' lang='lat' dir='ltr'>et</span> <span class='ocrx_word' id='word_1_289' title='bbox 1424 4254 1624 4327; x_wconf 86' lang='lat' dir='ltr'>tenementa,</span> <span class='ocrx_word' id='word_1_290' title='bbox 1640 4269 1704 4334; x_wconf 91' lang='lat' dir='ltr'>que</span> <span class='ocrx_word' id='word_1_291' title='bbox 1729 4271 1831 4333; x_wconf 91' lang='lat' dir='ltr'>nuper</span> 
     </span>
     <span class='ocr_line' id='line_1_30' title="bbox 327 4333 1829 4419; baseline -0.003 -15"><span class='ocrx_word' id='word_1_292' title='bbox 327 4335 461 4400; x_wconf 78' lang='lat' dir='ltr'>fuerunt</span> <span class='ocrx_word' id='word_1_293' title='bbox 475 4336 591 4419; x_wconf 85' lang='lat' dir='ltr'>prioris</span> <span class='ocrx_word' id='word_1_294' title='bbox 605 4335 646 4398; x_wconf 84' lang='lat' dir='ltr'>de</span> <span class='ocrx_word' id='word_1_295' title='bbox 661 4334 896 4414; x_wconf 81' lang='lat' dir='ltr'>Brsdemtoke,</span> <span class='ocrx_word' id='word_1_296' title='bbox 911 4337 946 4397; x_wconf 89' lang='lat' dir='ltr'>in</span> <span class='ocrx_word' id='word_1_297' title='bbox 962 4335 1169 4413; x_wconf 74' lang='lat' dir='ltr'>Carmanos,</span> <span class='ocrx_word' id='word_1_298' title='bbox 1184 4335 1224 4399; x_wconf 89' lang='lat' dir='ltr'>de</span> <span class='ocrx_word' id='word_1_299' title='bbox 1241 4333 1415 4400; x_wconf 83' lang='lat' dir='ltr'>heredibus</span> <span class='ocrx_word' id='word_1_300' title='bbox 1432 4334 1656 4400; x_wconf 86' lang='lat' dir='ltr'>Bartholomei</span> <span class='ocrx_word' id='word_1_301' title='bbox 1672 4335 1829 4416; x_wconf 77' lang='lat' dir='ltr'>cohered,</span> 
     </span>
     <span class='ocr_line' id='line_1_31' title="bbox 324 4421 1284 4508; baseline 0 -20"><span class='ocrx_word' id='word_1_302' title='bbox 324 4431 358 4488; x_wconf 92' lang='lat' dir='ltr'>et</span> <span class='ocrx_word' id='word_1_303' title='bbox 375 4423 472 4487; x_wconf 87' lang='lat' dir='ltr'>solvit</span> <span class='ocrx_word' id='word_1_304' title='bbox 486 4421 628 4486; x_wconf 88' lang='lat' dir='ltr'>decimas</span> <span class='ocrx_word' id='word_1_305' title='bbox 642 4443 700 4505; x_wconf 91' lang='lat' dir='ltr'>pro</span> <span class='ocrx_word' id='word_1_306' title='bbox 715 4423 840 4488; x_wconf 86' lang='lat' dir='ltr'>eisdem</span> <span class='ocrx_word' id='word_1_307' title='bbox 855 4423 984 4508; x_wconf 89' lang='lat' dir='ltr'>quando</span> <span class='ocrx_word' id='word_1_308' title='bbox 998 4423 1125 4488; x_wconf 90' lang='lat' dir='ltr'>decime</span> <span class='ocrx_word' id='word_1_309' title='bbox 1139 4429 1284 4489; x_wconf 89' lang='lat' dir='ltr'>currunt.</span> 
     </span>
    </p>
   </div>
   <div class='ocr_carea' id='block_1_13' title="bbox 326 4581 1827 4755">
    <p class='ocr_par' dir='ltr' id='par_1_13' title="bbox 326 4581 1827 4755">
     <span class='ocr_line' id='line_1_32' title="bbox 368 4581 1827 4666; baseline 0 -20"><span class='ocrx_word' id='word_1_310' title='bbox 368 4583 459 4647; x_wconf 90' lang='lat' dir='ltr'>Prior</span> <span class='ocrx_word' id='word_1_311' title='bbox 473 4584 513 4647; x_wconf 92' lang='lat' dir='ltr'>de</span> <span class='ocrx_word' id='word_1_312' title='bbox 529 4581 686 4665; x_wconf 87' lang='lat' dir='ltr'>Bradeley</span> <span class='ocrx_word' id='word_1_313' title='bbox 701 4588 791 4646; x_wconf 88' lang='lat' dir='ltr'>tenet</span> <span class='ocrx_word' id='word_1_314' title='bbox 804 4582 1002 4646; x_wconf 90' lang='lat' dir='ltr'>immediate</span> <span class='ocrx_word' id='word_1_315' title='bbox 1016 4589 1105 4647; x_wconf 88' lang='lat' dir='ltr'>certa</span> <span class='ocrx_word' id='word_1_316' title='bbox 1120 4587 1221 4647; x_wconf 86' lang='lat' dir='ltr'>terras</span> <span class='ocrx_word' id='word_1_317' title='bbox 1236 4589 1268 4646; x_wconf 91' lang='lat' dir='ltr'>et</span> <span class='ocrx_word' id='word_1_318' title='bbox 1286 4587 1484 4662; x_wconf 83' lang='lat' dir='ltr'>tenemento,</span> <span class='ocrx_word' id='word_1_319' title='bbox 1500 4604 1563 4666; x_wconf 92' lang='lat' dir='ltr'>que</span> <span class='ocrx_word' id='word_1_320' title='bbox 1578 4603 1679 4666; x_wconf 89' lang='lat' dir='ltr'>nuper</span> <span class='ocrx_word' id='word_1_321' title='bbox 1695 4581 1827 4647; x_wconf 87' lang='lat' dir='ltr'>fuerunt</span> 
     </span>
     <span class='ocr_line' id='line_1_33' title="bbox 326 4668 1804 4755; baseline -0.002 -18"><span class='ocrx_word' id='word_1_322' title='bbox 326 4671 437 4745; x_wconf 86' lang='lat' dir='ltr'>Jacobi</span> <span class='ocrx_word' id='word_1_323' title='bbox 452 4669 587 4748; x_wconf 86' lang='lat' dir='ltr'>Bulbeh,</span> <span class='ocrx_word' id='word_1_324' title='bbox 604 4672 638 4732; x_wconf 92' lang='lat' dir='ltr'>in</span> <span class='ocrx_word' id='word_1_325' title='bbox 654 4670 853 4747; x_wconf 74' lang='lat' dir='ltr'>Barnaeum,</span> <span class='ocrx_word' id='word_1_326' title='bbox 870 4670 909 4733; x_wconf 89' lang='lat' dir='ltr'>de</span> <span class='ocrx_word' id='word_1_327' title='bbox 925 4673 1047 4734; x_wconf 90' lang='lat' dir='ltr'>comite</span> <span class='ocrx_word' id='word_1_328' title='bbox 1063 4669 1254 4748; x_wconf 85' lang='lat' dir='ltr'>Sariaburie,</span> <span class='ocrx_word' id='word_1_329' title='bbox 1270 4691 1328 4754; x_wconf 90' lang='lat' dir='ltr'>per</span> <span class='ocrx_word' id='word_1_330' title='bbox 1342 4679 1491 4755; x_wconf 85' lang='lat' dir='ltr'>quartam</span> <span class='ocrx_word' id='word_1_331' title='bbox 1506 4677 1632 4754; x_wconf 84' lang='lat' dir='ltr'>partem</span> <span class='ocrx_word' id='word_1_332' title='bbox 1648 4689 1703 4734; x_wconf 89' lang='lat' dir='ltr'>un.</span> <span class='ocrx_word' id='word_1_333' title='bbox 1718 4668 1743 4734; x_wconf 83' lang='lat' dir='ltr'>f.</span> <span class='ocrx_word' id='word_1_334' title='bbox 1759 4691 1804 4736; x_wconf 92' lang='lat' dir='ltr'>m.</span> 
     </span>
    </p>
   </div>
   <div class='ocr_carea' id='block_1_14' title="bbox 323 4833 1828 5096">
    <p class='ocr_par' dir='ltr' id='par_1_14' title="bbox 323 4833 1828 5096">
     <span class='ocr_line' id='line_1_34' title="bbox 367 4833 1828 4923; baseline -0.001 -23"><span class='ocrx_word' id='word_1_335' title='bbox 367 4838 511 4923; x_wconf 76' lang='lat' dir='ltr'>Rogerua</span> <span class='ocrx_word' id='word_1_336' title='bbox 533 4833 679 4920; x_wconf 83' lang='lat' dir='ltr'>Purytcn</span> <span class='ocrx_word' id='word_1_337' title='bbox 705 4843 797 4900; x_wconf 87' lang='lat' dir='ltr'>tenet</span> <span class='ocrx_word' id='word_1_338' title='bbox 819 4837 1013 4901; x_wconf 86' lang='lat' dir='ltr'>immediate</span> <span class='ocrx_word' id='word_1_339' title='bbox 1039 4837 1074 4900; x_wconf 90' lang='lat' dir='ltr'>in</span> <span class='ocrx_word' id='word_1_340' title='bbox 1101 4837 1379 4904; x_wconf 80' lang='lat' dir='ltr'>Hoaurucssrrsu</span> <span class='ocrx_word' id='word_1_341' title='bbox 1402 4836 1442 4900; x_wconf 89' lang='lat' dir='ltr'>de</span> <span class='ocrx_word' id='word_1_342' title='bbox 1466 4833 1586 4899; x_wconf 91' lang='lat' dir='ltr'>honore</span> <span class='ocrx_word' id='word_1_343' title='bbox 1614 4835 1655 4898; x_wconf 88' lang='lat' dir='ltr'>de</span> <span class='ocrx_word' id='word_1_344' title='bbox 1682 4835 1828 4920; x_wconf 76' lang='lat' dir='ltr'>&#39;I&#39;robrug</span> 
     </span>
     <span class='ocr_line' id='line_1_35' title="bbox 323 4923 1823 5008; baseline -0.003 -17"><span class='ocrx_word' id='word_1_345' title='bbox 323 4932 410 4991; x_wconf 87' lang='lat' dir='ltr'>certa</span> <span class='ocrx_word' id='word_1_346' title='bbox 424 4933 524 4990; x_wconf 86' lang='lat' dir='ltr'>terras</span> <span class='ocrx_word' id='word_1_347' title='bbox 538 4930 574 4986; x_wconf 90' lang='lat' dir='ltr'>et</span> <span class='ocrx_word' id='word_1_348' title='bbox 587 4929 785 5002; x_wconf 82' lang='lat' dir='ltr'>tenemento,</span> <span class='ocrx_word' id='word_1_349' title='bbox 800 4943 864 5006; x_wconf 89' lang='lat' dir='ltr'>qne</span> <span class='ocrx_word' id='word_1_350' title='bbox 888 4943 991 5008; x_wconf 89' lang='lat' dir='ltr'>nuper</span> <span class='ocrx_word' id='word_1_351' title='bbox 1011 4923 1148 4990; x_wconf 82' lang='lat' dir='ltr'>fuerunt</span> <span class='ocrx_word' id='word_1_352' title='bbox 1170 4925 1329 4991; x_wconf 83' lang='lat' dir='ltr'>Johannis</span> <span class='ocrx_word' id='word_1_353' title='bbox 1344 4924 1384 4988; x_wconf 93' lang='lat' dir='ltr'>de</span> <span class='ocrx_word' id='word_1_354' title='bbox 1399 4923 1564 5001; x_wconf 89' lang='lat' dir='ltr'>Vernonn,</span> <span class='ocrx_word' id='word_1_355' title='bbox 1580 4943 1638 5006; x_wconf 89' lang='lat' dir='ltr'>per</span> <span class='ocrx_word' id='word_1_356' title='bbox 1653 4924 1823 4987; x_wconf 82' lang='lat' dir='ltr'>servicium</span> 
     </span>
     <span class='ocr_line' id='line_1_36' title="bbox 323 5011 1547 5096; baseline -0.001 -20"><span class='ocrx_word' id='word_1_357' title='bbox 323 5012 482 5078; x_wconf 91' lang='lat' dir='ltr'>reddendi</span> <span class='ocrx_word' id='word_1_358' title='bbox 495 5012 574 5075; x_wconf 90' lang='lat' dir='ltr'>inde</span> <span class='ocrx_word' id='word_1_359' title='bbox 589 5031 646 5095; x_wconf 89' lang='lat' dir='ltr'>per</span> <span class='ocrx_word' id='word_1_360' title='bbox 659 5030 783 5074; x_wconf 89' lang='lat' dir='ltr'>annum</span> <span class='ocrx_word' id='word_1_361' title='bbox 798 5031 901 5074; x_wconf 88' lang='lat' dir='ltr'>unum</span> <span class='ocrx_word' id='word_1_362' title='bbox 917 5013 1136 5096; x_wconf 83' lang='lat' dir='ltr'>espervarium</span> <span class='ocrx_word' id='word_1_363' title='bbox 1152 5033 1210 5096; x_wconf 91' lang='lat' dir='ltr'>pro</span> <span class='ocrx_word' id='word_1_364' title='bbox 1226 5012 1375 5076; x_wconf 89' lang='lat' dir='ltr'>omnibus</span> <span class='ocrx_word' id='word_1_365' title='bbox 1392 5011 1547 5075; x_wconf 89' lang='lat' dir='ltr'>serviciis.</span> 
     </span>
    </p>
   </div>
   <div class='ocr_carea' id='block_1_15' title="bbox 320 5173 1823 5434">
    <p class='ocr_par' dir='ltr' id='par_1_15' title="bbox 320 5173 1823 5434">
     <span class='ocr_line' id='line_1_37' title="bbox 365 5173 1823 5260; baseline -0.003 -19"><span class='ocrx_word' id='word_1_366' title='bbox 365 5175 541 5253; x_wconf 77' lang='lat' dir='ltr'>Josmnes,</span> <span class='ocrx_word' id='word_1_367' title='bbox 556 5174 622 5237; x_wconf 90' lang='lat' dir='ltr'>dur</span> <span class='ocrx_word' id='word_1_368' title='bbox 638 5173 821 5254; x_wconf 84' lang='lat' dir='ltr'>Bedfordie,</span> <span class='ocrx_word' id='word_1_369' title='bbox 837 5179 930 5239; x_wconf 85' lang='lat' dir='ltr'>tenet</span> <span class='ocrx_word' id='word_1_370' title='bbox 945 5177 984 5240; x_wconf 88' lang='lat' dir='ltr'>ad</span> <span class='ocrx_word' id='word_1_371' title='bbox 1001 5177 1181 5242; x_wconf 87' lang='lat' dir='ltr'>terminum</span> <span class='ocrx_word' id='word_1_372' title='bbox 1203 5177 1270 5241; x_wconf 87' lang='lat' dir='ltr'>vite</span> <span class='ocrx_word' id='word_1_373' title='bbox 1295 5197 1351 5239; x_wconf 90' lang='lat' dir='ltr'>sue</span> <span class='ocrx_word' id='word_1_374' title='bbox 1377 5178 1409 5239; x_wconf 91' lang='lat' dir='ltr'>in</span> <span class='ocrx_word' id='word_1_375' title='bbox 1435 5175 1679 5241; x_wconf 82' lang='lat' dir='ltr'>Baronrnsrou</span> <span class='ocrx_word' id='word_1_376' title='bbox 1694 5175 1733 5239; x_wconf 90' lang='lat' dir='ltr'>de</span> <span class='ocrx_word' id='word_1_377' title='bbox 1748 5195 1823 5260; x_wconf 81' lang='lat' dir='ltr'>rege</span> 
     </span>
     <span class='ocr_line' id='line_1_38' title="bbox 320 5263 1821 5348; baseline -0.002 -20"><span class='ocrx_word' id='word_1_378' title='bbox 320 5271 407 5328; x_wconf 82' lang='lat' dir='ltr'>certa</span> <span class='ocrx_word' id='word_1_379' title='bbox 420 5271 523 5326; x_wconf 88' lang='lat' dir='ltr'>terras</span> <span class='ocrx_word' id='word_1_380' title='bbox 536 5267 571 5326; x_wconf 88' lang='lat' dir='ltr'>et</span> <span class='ocrx_word' id='word_1_381' title='bbox 584 5268 785 5339; x_wconf 71' lang='lat' dir='ltr'>tenemento,</span> <span class='ocrx_word' id='word_1_382' title='bbox 798 5263 971 5343; x_wconf 88' lang='lat' dir='ltr'>parceliam</span> <span class='ocrx_word' id='word_1_383' title='bbox 985 5265 1145 5348; x_wconf 89' lang='lat' dir='ltr'>prioratus</span> <span class='ocrx_word' id='word_1_384' title='bbox 1160 5266 1201 5328; x_wconf 94' lang='lat' dir='ltr'>de</span> <span class='ocrx_word' id='word_1_385' title='bbox 1217 5263 1409 5329; x_wconf 85' lang='lat' dir='ltr'>Okeboume</span> <span class='ocrx_word' id='word_1_386' title='bbox 1424 5263 1613 5348; x_wconf 77' lang='lat' dir='ltr'>alienigeni,</span> <span class='ocrx_word' id='word_1_387' title='bbox 1626 5281 1684 5346; x_wconf 87' lang='lat' dir='ltr'>pro</span> <span class='ocrx_word' id='word_1_388' title='bbox 1705 5263 1821 5346; x_wconf 90' lang='lat' dir='ltr'>quibus</span> 
     </span>
     <span class='ocr_line' id='line_1_39' title="bbox 321 5349 1240 5434; baseline 0.004 -21"><span class='ocrx_word' id='word_1_389' title='bbox 321 5351 419 5414; x_wconf 81' lang='lat' dir='ltr'>solvit</span> <span class='ocrx_word' id='word_1_390' title='bbox 432 5349 557 5412; x_wconf 90' lang='lat' dir='ltr'>domini</span> <span class='ocrx_word' id='word_1_391' title='bbox 571 5349 641 5434; x_wconf 77' lang='lat' dir='ltr'>regi</span> <span class='ocrx_word' id='word_1_392' title='bbox 654 5349 796 5414; x_wconf 87' lang='lat' dir='ltr'>decimas</span> <span class='ocrx_word' id='word_1_393' title='bbox 809 5351 940 5433; x_wconf 89' lang='lat' dir='ltr'>quando</span> <span class='ocrx_word' id='word_1_394' title='bbox 953 5351 1079 5416; x_wconf 88' lang='lat' dir='ltr'>decime</span> <span class='ocrx_word' id='word_1_395' title='bbox 1094 5357 1240 5417; x_wconf 89' lang='lat' dir='ltr'>currunt.</span> 
     </span>
    </p>
   </div>
   <div class='ocr_carea' id='block_1_16' title="bbox 0 0 2050 6117">
    <p class='ocr_par' dir='ltr' id='par_1_16' title="bbox 0 0 2050 6117">
     <span class='ocr_line' id='line_1_40' title="bbox 0 0 2050 6117; baseline 0 6"><span class='ocrx_word' id='word_1_396' title='bbox 0 0 2050 6117; x_wconf 95' lang='lat' dir='ltr'> </span> 
     </span>
    </p>
   </div>
  </div>
 </body>
</html>
