4092 6117
788 585 873 652 nb.
897 586 1124 651 mol-1402.
1641 579 1698 643 101

247 876 425 960 Episcopus
439 875 580 940 Eliensis
594 881 686 941 tencl
699 874 882 939 manerium
896 874 937 938 de
952 874 1137 941 anmcc
1151 874 1193 937 de
1214 872 1347 937 domino
1369 892 1445 957 rege
1468 870 1519 935 i.c.
1535 868 1705 952 pertinens

204 966 245 1030 cd
266 963 434 1028 baroniam
448 984 552 1043 sunm,
565 984 623 1048 per
636 962 722 1049 quod
736 963 908 1027 servicium
922 964 1085 1045 ignorant.

250 1088 290 1151 Iu
305 1085 402 1173 cujus
414 1088 463 1151 rei
476 1086 704 1151 testimonium
719 1092 783 1151 elc.

707 1283 945 1373 [Huncnnuun
967 1282 1028 1371 nn]
1056 1283 1225 1352 HOXNE.

250 1410 427 1495 Inquisicio
448 1417 545 1495 captu
565 1432 673 1473 coram
689 1410 815 1497 Rogero
830 1412 870 1475 de
888 1408 1081 1474 Wolfcrston
1097 1416 1131 1473 el
1146 1410 1242 1471 sociis
1258 1409 1326 1470 suis
1341 1406 1564 1469 collectoribus
1578 1405 1704 1469 domini

207 1498 292 1583 regis
314 1500 350 1561 in
372 1498 533 1562 comitutu
555 1497 714 1561 Suffclkie
738 1519 793 1581 pro
814 1497 1004 1561 racionabili
1026 1496 1148 1560 auxilio
1169 1495 1211 1558 ad
1234 1493 1430 1557 Blsncheam
1453 1494 1705 1578 primogenitum

208 1585 310 1648 liliam
333 1585 458 1649 domini
480 1587 566 1671 regis
589 1586 807 1648 maritandam
828 1585 915 1669 apud
936 1582 1053 1647 Bekles
1075 1583 1129 1647 die
1152 1582 1287 1645 sabbati
1318 1583 1464 1664 proxima
1485 1586 1563 1643 ente
1587 1582 1706 1643 festum

209 1670 321 1736 Sancti
343 1672 512 1735 Valentini
534 1690 619 1735 anno
640 1673 733 1757 regni
755 1674 842 1757 regis
866 1672 998 1735 Henrioi
1020 1671 1129 1754 quarti
1153 1669 1254 1733 tercio
1276 1689 1331 1753 per
1352 1676 1588 1732 sacramentum
1616 1666 1707 1730 Petri

212 1757 413 1843 Cbelreryng,
448 1758 606 1824 Jobsnnis
643 1758 773 1838 conclu,
813 1757 973 1821 Willelmi
1010 1758 1145 1835 Leman,
1181 1753 1341 1820 Jchunnis
1378 1753 1523 1830 Storour,
1561 1751 1708 1815 Nicbolui

211 1846 395 1925 Rsscbovve,
418 1845 577 1910 Johannis
598 1848 770 1929 'l'bomcys‚
795 1846 928 1908 Roberli
954 1842 1271 1926 Goffrey,u'i11e1mi
1298 1840 1407 1917 Storls‚
1422 1839 1574 1903 Nicbolsi
1591 1840 1707 1918 Stnve,

213 1932 371 1996 Willelmi
394 1932 506 2019 Wyth,
529 1933 669 1996 Galiridi
699 1934 862 2010 Estbsvve,
883 1940 918 1996 et
947 1930 1113 1995 Jobsnnes
1144 1932 1248 2007 Neue,
1281 1929 1475 2015 juratorum,
1507 1928 1563 2012 qui
1595 1927 1710 1989 dicunt

212 2040 308 2104 super
322 2028 562 2084 sacramentum
575 2041 672 2084 suum
686 2020 773 2104 quod
782 2046 835 2087 :—

257 2180 371 2245 Nichil
386 2188 517 2247 tenetur
531 2183 572 2247 de
585 2183 719 2246 domino
734 2204 810 2268 rege
823 2185 880 2249 i.c.
896 2185 968 2246 sine
982 2182 1090 2247 medio
1106 2180 1192 2245 infra
1205 2179 1411 2244 hundredum
1426 2177 1621 2261 predictum.

257 2302 299 2366 In
313 2302 407 2389 cujus
420 2303 469 2367 rei
483 2303 710 2367 testimonium
726 2309 789 2368 etc.

654 2524 892 2613 [Huunrrnnuu
914 2519 976 2613 un]
1003 2524 1291 2593 THREDLYNG.

261 2650 439 2735 Inquisicio
454 2657 550 2733 cepte
563 2650 650 2733 apud
665 2649 891 2734 Gippevvicum
906 2650 959 2713 die
977 2649 1067 2712 Lune
1083 2650 1230 2732 proxima
1246 2652 1319 2731 posi
1335 2644 1456 2709 fesium
1474 2646 1716 2712 Purificucionis

218 2738 319 2801 Beate
341 2736 457 2816 Maris,
479 2736 640 2821 Virginis,
660 2758 746 2801 nuno
767 2739 861 2821 regni
882 2737 970 2822 regis
993 2736 1128 2799 Henrici
1151 2736 1260 2820 quarti
1282 2741 1355 2816 poss
1377 2742 1592 2818 conquestum
1615 2738 1717 2799 tercio

218 2845 324 2888 corum
344 2823 471 2908 Rogerc
492 2822 687 2887 Wolfersbon
710 2832 745 2887 et
766 2827 862 2887 sociis
883 2829 951 2888 suis
972 2823 1197 2886 collectoribus
1219 2842 1276 2904 per
1307 2822 1569 2885 commissionem
1590 2823 1716 2886 domini

219 2913 303 2996 regis
317 2912 366 2975 eis
381 2911 535 2973 directam
552 2932 610 2994 pro
624 2911 813 2974 racionabili
828 2902 950 2973 auxilio
966 2909 1007 2973 nd
1023 2910 1217 2973 Blancheam
1233 2908 1484 2992 primogenitam
1501 2908 1601 2971 filiam
1624 2930 1717 2973 suaru

221 2998 442 3061 mutilandum
464 3018 522 3081 per
545 3006 783 3062 sacramentum
815 2995 974 3063 Johsnnis
1003 2998 1154 3079 vaney,
1176 2994 1335 3059 Jobannis
1369 2993 1536 3074 Glcmvill,
1569 2996 1718 3081 Philippi

222 3085 355 3168 Bovyle‚
376 3085 513 3149 Rcberti
535 3083 696 3166 Eshawe,
721 3085 844 3150 Tbcme
869 3085 1030 3164 Belsbede,
1045 3084 1179 3149 Roberri
1196 3082 1276 3158 Elei,
1292 3078 1440 3143 Nicholai
1457 3082 1573 3166 Pyrye,
1594 3082 1719 3147 Thome

220 3172 376 3250 Tcillcur,
407 3170 550 3235 Simonis
583 3169 748 3255 Studyng,
781 3172 916 3237 Roberti
951 3171 1121 3255 Gosselyn,
1151 3168 1311 3235 Jobannis
1332 3167 1482 3252 Sullyng,
1504 3178 1539 3233 et
1561 3170 1719 3235 Jchannis

219 3260 298 3338 Res,
313 3258 508 3343 juratorum,
524 3260 581 3344 qui
595 3260 710 3323 dicunt
726 3280 821 3342 super
836 3266 1073 3323 sacramentum
1088 3278 1183 3321 suum
1200 3256 1284 3339 quod
1298 3280 1351 3321 :-

265 3422 338 3485 Non
361 3428 439 3486 suni
460 3422 570 3506 ulique
591 3428 677 3486 terre
698 3443 756 3486 scu
778 3428 973 3487 tenemenlu
994 3422 1028 3485 in
1052 3419 1220 3485 hundredo
1251 3418 1397 3502 predicto
1419 3438 1481 3501 que
1514 3419 1555 3481 de
1588 3420 1721 3485 domino

223 3530 298 3592 rege
312 3515 465 3573 tenentur
479 3510 534 3574 i.c.
549 3529 608 3593 per
622 3511 793 3575 servicium
811 3509 953 3574 militare
968 3518 1024 3572 cut
1040 3511 1075 3571 in
1091 3507 1229 3589 eocagic.

267 3628 308 3693 In
322 3627 416 3714 cujus
429 3628 475 3691 rei
491 3629 716 3693 testimonium
733 3634 796 3694 elo.

696 3830 933 3919 [Hunosnuurr
955 3828 1016 3919 us]
1044 3829 1258 3901 GOSFORD.

267 3960 446 4044 Inquisicio
466 3965 562 4045 captu
584 3980 693 4025 corum
713 3960 865 4026 Jchcnne
887 3960 1035 4044 Gurnsy,
1055 3964 1217 4023 escaetore
1238 3959 1365 4022 domini
1397 3959 1483 4044 regis
1505 3959 1540 4022 in
1563 3961 1722 4026 comitatu

227 4046 397 4125 Suffclkie‚
418 4053 453 4112 eb
483 4049 580 4112 sociis
614 4050 681 4112 suis
714 4048 937 4113 collectoribus
967 4046 1094 4111 domini
1124 4047 1210 4131 regis
1240 4046 1274 4108 in
1307 4046 1466 4109 comitatu
1497 4047 1643 4130 prediolo
1665 4070 1723 4131 pro

224 4134 414 4199 rscionubili
434 4135 556 4199 auxilio
576 4134 619 4199 sd
641 4134 836 4200 Blanchesm
857 4136 1110 4220 primogenitum
1133 4134 1236 4197 filium
1250 4134 1375 4197 domini
1396 4135 1482 4216 regis
1504 4136 1723 4198 maritandam

224 4222 314 4307 npud
334 4220 502 4285 Henhovvs
524 4223 578 4286 die
601 4222 756 4287 Mercurii
778 4224 812 4285 in
835 4223 920 4285 festo
942 4222 1056 4285 Sancti
1072 4220 1164 4285 Petri
1186 4222 1221 4283 in
1237 4218 1398 4285 Guthedra
1419 4240 1503 4284 enno
1525 4224 1617 4303 regni
1640 4225 1724 4306 regis

224 4308 362 4372 Henrici
383 4310 493 4393 qusrli
514 4310 619 4373 tercio
639 4330 696 4394 per
717 4315 954 4373 sacramentum
988 4306 1148 4371 Jchannis
1180 4307 1287 4383 Peter,
1317 4307 1432 4371 Jacobi
1462 4313 1533 4370 atie
1567 4306 1724 4389 eberone,

224 4394 385 4459 willelmi
407 4395 539 4474 Pclrelc,
561 4395 722 4461 Jobennis
743 4396 914 4482 Wrygbte,
935 4396 1053 4478 Rogeri
1077 4394 1185 4471 Daue,
1209 4394 1368 4457 Willelmi
1401 4393 1545 4478 Ooknyn,
1567 4395 1724 4459 Johrnnis

225 4482 383 4561 Herberd,
404 4481 529 4547 Thcme
550 4482 719 4570 Snfflyng,
740 4483 901 4549 Johsnnis
922 4480 1052 4565 Smyth,
1075 4481 1234 4546 „lobannis
1257 4481 1368 4567 Kyng,
1389 4480 1551 4546 Jcbsnnis
1573 4482 1725 4564 Frebern‚

224 4574 260 4634 et
273 4568 397 4634 Thomu
412 4568 504 4650 Fon,
520 4570 715 4657 juratorum,
728 4573 785 4656 qui
799 4572 914 4634 dicunt
928 4590 1026 4654 super
1040 4574 1277 4633 sacramentnm
1290 4588 1386 4633 suum
1401 4570 1487 4654 quod
1497 4591 1550 4631 r.-

271 4731 455 4796 Willelmus
477 4730 649 4813 Bourcher,
671 4733 825 4809 chivsrler‚
848 4740 940 4797 tenet
960 4732 1001 4796 ds
1021 4728 1155 4794 domino
1177 4748 1252 4811 rege
1275 4728 1328 4793 i.c.
1352 4729 1533 4792 manerium
1567 4751 1662 4793 suum
1685 4731 1726 4794 de

227 4820 418 4886 annsnon
432 4840 490 4902 per
505 4822 677 4883 servicium
691 4821 738 4885 di.
754 4820 777 4886 f.
794 4841 840 4887 m.

272 4936 433 5002 Walterus
453 4938 495 5002 de
518 4936 667 5023 Clopbcn‚
689 4939 842 5017 chivsler‚
864 4947 956 5004 tenet
976 4938 1018 5001 de
1040 4936 1172 4999 domino
1195 4953 1272 5018 rege
1294 4934 1347 4998 ic.
1365 4936 1544 4997 manerium
1569 4954 1663 4997 suum
1686 4936 1727 4999 de
1799 4980 1802 4985 -

229 5024 443 5092 'rmum
458 5026 493 5088 in
509 5026 673 5092 Hsnnm
688 5048 746 5112 pcr
761 5030 931 5091 servicium
947 5025 993 5090 di.
1010 5024 1032 5088 f.
1048 5044 1093 5088 m.

273 5146 358 5211 Item
380 5147 496 5211 dicunt
518 5147 603 5231 quod
625 5148 716 5211 nulls
738 5148 832 5233 plura
851 5144 945 5208 feoda
966 5145 1121 5205 terrentur
1143 5138 1184 5203 ds
1206 5138 1341 5201 domino
1362 5157 1438 5221 rege
1461 5135 1513 5199 ic.
1530 5136 1599 5199 sine
1622 5135 1729 5199 medio

225 5252 284 5296 seu
297 5235 333 5297 in
350 5235 481 5319 socagio
495 5234 581 5297 infra
597 5234 804 5299 hundredum
819 5232 1015 5318 predictum.

269 5350 311 5415 In
323 5350 420 5437 cujus
433 5350 484 5415 sci
501 5350 733 5415 testimonium
744 5358 813 5417 etc.
