4092 6117
195 620 200 627 ’
324 604 386 671 166
984 603 1168 677 sussex.

367 896 453 959 ltem
475 898 510 958 in
536 897 687 979 parochia
712 897 754 960 de
769 899 869 967 Wasr
893 900 969 966 Dnrs
995 904 1097 965 rector
1123 919 1188 963 non
1202 898 1332 964 residet.
1376 898 1543 962 lohannes
1559 896 1654 980 Bray,
1671 894 1826 959 Ricardus

325 980 672 1153 ffiffissssslffm
688 984 823 1066 Howell,
839 985 1022 1051 Willelmus
1037 987 1174 1067 Howsll,
1197 986 1373 1071 Philippus
1398 985 1535 1065 Howell,
1561 982 1701 1048 Thomas
1728 981 1826 1047 Oourt

367 1207 453 1269 Item
475 1208 510 1270 in
536 1205 690 1292 parochia
715 1208 756 1272 de
776 1210 916 1277 Darsrors
931 1215 1036 1274 rector
1049 1231 1114 1275 non
1129 1210 1261 1277 residet.
1306 1208 1472 1273 Johsnnes
1487 1214 1558 1274 atte
1573 1208 1672 1291 Laye,
1686 1203 1825 1271 Jacobus

326 1293 523 1371 Bourhonte,
545 1292 711 1359 lohannes
736 1296 931 1381 Holyndale‚
954 1296 1095 1363 Thomas
1121 1298 1256 1377 Webbe,
1282 1298 1443 1363 Walterus
1467 1297 1627 1371 Tannere,
1652 1292 1825 1377 Philippus

327 1382 440 1459 Baton,
454 1388 490 1445 et
504 1403 568 1445 non
584 1382 704 1466 plnres.

368 1519 409 1581 In
423 1519 573 1602 parochia
587 1518 626 1583 de
643 1520 773 1589 Snrrors
789 1541 853 1585 non
867 1527 921 1585 est
932 1523 1052 1607 aliquis
1066 1524 1189 1588 ibidem
1204 1523 1402 1589 inhabitans.

368 1657 408 1719 In
423 1657 572 1740 parochia
586 1659 627 1722 de
641 1659 793 1727 Farsron
809 1666 913 1724 rector
927 1661 1075 1727 ecclesie.
1119 1662 1305 1725 Willelmns
1320 1660 1446 1745 Fryter,
1461 1658 1644 1723 Willelmus
1659 1654 1827 1735 Polemon,

325 1743 482 1915 lljliouppsdus
496 1744 687 1830 Hylrely'ng,
701 1746 866 1811 Johannes
881 1747 997 1827 Blake‚
1011 1748 1122 1813 Simon
1138 1748 1240 1833 Payn,
1255 1756 1290 1813 et
1313 1747 1479 1813 Johsnnes
1504 1745 1686 1821 Gardener,
1708 1747 1741 1807 et
1763 1761 1826 1806 non

834 2050 1036 2118 Dsnrnorors
1059 2054 1095 2115 et
1117 2050 1327 2119 Hssrrrross.

372 2183 411 2246 In
436 2182 596 2267 parochiis
624 2188 693 2264 (sie)
721 2186 762 2249 de
786 2186 875 2253 Insa
900 2188 988 2271 apud
1012 2188 1236 2272 Wrrsennnsn,
1263 2188 1298 2251 in
1320 2184 1481 2271 parochiis
1509 2186 1628 2253 Sason
1642 2184 1823 2257 Laossanr,

328 2273 456 2338 Sanora
482 2272 698 2351 Masonsnra,
726 2275 846 2341 Sancsr
871 2275 1070 2355 Mmasaars,
1097 2275 1215 2342 Ssserr
1243 2276 1358 2353 Parar,
1389 2280 1424 2337 et
1451 2274 1570 2341 Sancrr
1596 2274 1736 2337 Annaea
1766 2267 1824 2331 suh

327 2360 453 2424 Cssrao
475 2360 563 2441 apud
587 2360 786 2427 Hssrmeas
809 2361 892 2425 nulli
918 2372 995 2426 sunt
1019 2363 1238 2426 inhabitantes
1261 2362 1296 2424 in
1319 2361 1444 2425 eisdem
1471 2368 1505 2423 et
1531 2359 1634 2423 eciam
1650 2366 1726 2421 sunt
1741 2356 1823 2419 infra

324 2446 492 2509 libertates
521 2449 666 2532 quinque
695 2454 860 2531 portuum.
906 2450 993 2513 Item
1021 2452 1057 2513 in
1094 2450 1244 2534 parochia
1273 2449 1312 2512 de
1342 2448 1547 2516 Csownaasr
1584 2451 1710 2529 septem
1748 2452 1823 2507 sunt

325 2532 549 2598 inhabitantes
562 2554 639 2598 eum
653 2540 766 2599 curato
781 2540 817 2599 et
831 2555 897 2599 non
910 2536 1030 2620 plures.

372 2671 415 2735 In
429 2671 523 2759 cujus
537 2672 587 2736 rei
602 2672 830 2737 testimonium
846 2678 908 2740 etc.

865 2908 1012 2999 [Grvmas
1036 2906 1304 2996 Glossema]

371 3045 549 3130 Inquisicio
575 3054 671 3133 capta
694 3050 782 3132 apud
809 3047 1002 3114 cicestriam
1026 3048 1079 3112 die
1108 3048 1263 3112 Mercurii
1293 3046 1438 3130 proxima
1466 3051 1538 3131 post
1563 3048 1684 3111 festum
1716 3042 1824 3109 Sancti

327 3134 489 3197 Dunstani
515 3155 600 3199 anno
627 3141 689 3199 etc.
715 3142 763 3213 (es
792 3139 912 3215 above),
937 3157 1045 3199 coram
1072 3134 1220 3199 Johanne
1245 3134 1441 3219 Wyltshyre,
1468 3132 1628 3198 Michaels
1658 3132 1770 3217 Bagle‚
1790 3138 1823 3194 et

327 3220 477 3284 Johanne
506 3222 633 3305 Repete
662 3231 697 3286 et
726 3226 820 3287 sociis
849 3226 917 3287 suis
946 3229 1009 3288 etc.
1040 3222 1206 3305 deputatis
1234 3222 1276 3285 de
1306 3228 1342 3285 et
1371 3242 1467 3306 super
1491 3242 1564 3285 vero
1588 3220 1692 3285 valore
1719 3238 1823 3282 annuo

326 3308 534 3372 ecclesiarum
549 3310 637 3373 inira
650 3310 818 3375 civitatem
834 3311 1010 3377 Creasrms
1026 3310 1170 3391 predicte
1184 3329 1249 3371 non
1263 3314 1447 3373 tarataram
1462 3316 1496 3373 st
1507 3308 1680 3395 cujuslibet
1692 3306 1823 3371 ecclesie

326 3395 450 3458 ibidem
465 3416 530 3459 non
546 3402 668 3475 tanate,
683 3418 740 3481 per
753 3404 992 3461 sacramentum
1006 3396 1166 3465 Willelmi
1183 3395 1326 3472 Walton,
1343 3396 1476 3461 Henrici
1491 3395 1655 3474 Grsnelei,
1667 3392 1822 3458 Johannis

326 3482 418 3566 Joye,
444 3480 603 3547 Johannie
624 3483 745 3568 Baton,
771 3485 906 3550 Reberti
928 3484 1133 3569 Stryvelyng,
1158 3482 1282 3547 Thome
1298 3482 1413 3567 Spone,
1428 3483 1552 3548 Thome
1566 3482 1685 3566 Jenyn,
1699 3478 1821 3544 Thonis

326 3578 398 3633 atte
412 3570 525 3647 Wode,
538 3570 674 3635 Henriei
689 3572 900 3651 Wendovere,
913 3571 1071 3636 Johannis
1086 3568 1164 3649 Cels,
1178 3568 1301 3635 Thome
1316 3570 1447 3657 Hygon,
1461 3577 1496 3637 et
1519 3570 1677 3638 Johannis
1692 3565 1821 3651 Smyth,

326 3658 384 3741 qni
399 3656 515 3720 dieunt
530 3678 625 3742 super
640 3666 882 3723 sacramentum
895 3680 991 3723 snum
1004 3658 1092 3747 quod
1104 3683 1158 3724 :—

372 3844 520 3909 Ecclesia
535 3846 654 3915 Sancrr
669 3847 773 3915 Parar
787 3847 935 3916 Mssoars
949 3848 985 3911 in
1000 3847 1243 3915 Nonnnsrannn
1258 3844 1347 3911 valet
1361 3866 1553 3931 perannum
1569 3866 1673 3915 xxxa.

372 3983 518 4047 Ecclesia
533 3984 652 4053 Sancrr
666 3986 807 4052 Annaea
822 3987 858 4049 in
872 3986 1008 4050 civitate
1023 3984 1170 4069 predicta
1185 3984 1271 4049 valet
1285 4005 1343 4069 per
1357 4004 1480 4049 annum
1494 3984 1573 4053 xla.

372 4118 519 4185 Ecclesia
535 4122 654 4191 Sanorr
669 4123 843 4191 Tasononr
856 4122 981 4188 ibidem
995 4116 1084 4187 valet
1098 4142 1155 4207 per
1170 4142 1294 4187 annum
1309 4142 1391 4189 ans.

372 4261 518 4325 Ecclesia
532 4264 672 4331 Onnrnn
690 4264 887 4333 Smcronon
901 4263 1026 4327 ibidem
1040 4262 1126 4327 valet
1141 4282 1334 4345 perannum
1350 4260 1494 4348 xxxiiia
1510 4259 1610 4346 iiije.

373 4394 516 4458 Ecclesia
532 4395 650 4464 Sason
665 4397 770 4465 Parar
785 4400 932 4468 Mmoms
946 4400 1070 4464 ibidem
1084 4419 1149 4463 non
1164 4400 1249 4465 valet
1264 4418 1457 4484 perannum
1472 4418 1558 4466 ans.

373 4533 520 4601 Ecclesia
535 4532 653 4600 Sason
666 4532 815 4602 Manassis
828 4536 951 4600 ibidem
965 4538 1052 4602 valet
1067 4556 1123 4621 per
1136 4555 1259 4599 annum
1274 4556 1359 4603 xxa.

374 4670 518 4736 Ecclesia
535 4672 661 4740 Sanora
677 4671 791 4739 Msmn
805 4674 928 4739 ibidem
943 4672 1032 4737 valet
1045 4692 1102 4755 per
1115 4692 1238 4737 annum
1254 4694 1340 4739 ιω.

375 4808 416 4871 In
430 4807 524 4889 cujus
537 4810 585 4871 rei
600 4808 827 4875 testimonium
842 4816 907 4877 etc.

734 4994 1057 5087 [hacmomconsrns
1080 4992 1432 5081 GICESTRENSIS]

375 5126 553 5213 Inquisicio
575 5136 672 5214 capta
694 5132 781 5216 apud
807 5130 995 5198 cicestriam
1023 5134 1125 5221 xxvj²⁰
1145 5136 1199 5199 die
1224 5134 1304 5199 Maii
1330 5151 1415 5195 anno
1433 5134 1496 5193 etc.
1516 5130 1563 5207 (es
1579 5126 1705 5211 before),
1720 5146 1825 5191 eoram

331 5212 478 5279 Johanne
492 5216 646 5284 lVilshire
660 5226 724 5285 etc.
739 5219 909 5303 deputatis
922 5222 963 5285 de
977 5223 1136 5286 decanatu
1152 5243 1226 5286 eum
1242 5217 1412 5304 prebendis
1426 5214 1560 5280 ecclesie
1583 5214 1772 5295 exonerare,
1787 5213 1826 5278 de

330 5304 473 5365 cantaria
486 5305 513 5387 ej
519 5306 632 5369 usdem
645 5306 779 5371 ecclesie
793 5328 869 5371 cum
884 5308 1056 5391 prebendis
1071 5310 1111 5374 de
1125 5309 1259 5373 diversis
1273 5304 1444 5390 prebendis
1459 5300 1607 5389 ejusdem
1631 5299 1767 5365 ecclesie
1791 5302 1825 5365 in

327 5386 592 5456 archidiaconatu
617 5392 782 5472 cicestrie,
797 5395 923 5461 scilicet
944 5397 986 5460 de
1008 5396 1171 5481 prebenda
1186 5396 1226 5461 de
1240 5394 1435 5473 Gonwoasn,
1453 5387 1616 5475 prebenda
1630 5388 1670 5454 de
1686 5388 1824 5468 Sutilis
