4092 6117
904 579 986 645 A.D.
1012 581 1108 648 1324.
1699 583 1763 652 21?

296 866 460 932 Johsunss
486 868 701 948 Meutrsvers,
726 869 843 947 senior,
869 881 904 932 et
929 867 1114 932 Willelmus
1143 869 1298 953 Wuspeil,
1323 875 1359 932 et
1385 867 1526 934 'I'homus
1550 870 1591 934 de
1606 870 1761 954 Hyneton

253 961 428 1020 tenuerunt
451 960 543 1019 ‘enno
573 957 687 1042 11111]ο
722 957 769 1022 di.
801 955 824 1020 f.
856 957 891 1017 in
923 955 1036 1022 Surum
1067 956 1161 1022 Buou
1192 964 1225 1020 et
1255 957 1533 1023 Huuuunuvuuuu
1562 959 1603 1021 de
1641 959 1760 1022 comite

254 1041 471 1123 Gloucestrie,
488 1044 544 1128 qui
560 1045 625 1107 suit
641 1046 676 1108 iu
692 1043 841 1108 custodia
856 1043 982 1107 domiui
997 1044 1085 1128 regis
1099 1063 1185 1106 anno
1200 1044 1356 1127 predicto.

296 1178 461 1245 Johsnnes
474 1180 517 1244 de
532 1179 652 1246 Sancto
667 1181 828 1258 Quintino
843 1180 951 1245 tenuit
967 1180 1007 1244 de
1021 1179 1111 1244 dicto
1126 1180 1248 1244 comite
1263 1201 1348 1244 enno
1359 1180 1471 1267 xxviij.
1484 1182 1620 1247 terciam
1635 1187 1763 1268 purtem

255 1289 310 1334 11.
326 1268 350 1335 1.
366 1269 401 1330 11
417 1269 660 1335 Pnnrnwourn.

296 1403 340 1467 ut
354 1405 481 1483 dicunt,
495 1404 581 1489 quod
595 1402 699 1468 nichil
714 1403 805 1468 uliud
821 1404 941 1468 sciunt.

298 1543 337 1605 In
353 1544 448 1629 cujus
461 1544 510 1608 rei
524 1544 755 1607 testimonium
770 1548 835 1607 etc.

296 1679 382 1744 Item
396 1680 521 1760 dicunt,
535 1681 621 1765 quod
638 1680 822 1744 willelmus
838 1679 1024 1743 Mendevile
1041 1681 1164 1758 tenuit,
1178 1681 1273 1744 annis
1289 1681 1448 1764 predictis
1463 1680 1505 1745 de
1524 1681 1660 1746 domino
1684 1701 1762 1766 rege

254 1767 307 1832 i.c.
323 1768 458 1831 terciam
472 1776 599 1851 partem
615 1789 670 1833 un.
686 1769 709 1830 1.
726 1769 761 1831 11
778 1768 915 1834 Ι)11111
934 1772 988 1847 (l).

617 2109 935 2199 [ELLESTUBBE
960 2133 1002 2175 nr
1024 2108 1398 2196 KYNEWERSTON]

299 2249 476 2334 Inquisicio
500 2257 594 2333 coptu
619 2252 706 2334 cpud
731 2250 857 2314 Novem
882 2248 1101 2313 Ssrisbnricm
1127 2249 1181 2313 die
1205 2249 1341 2312 Veneris
1364 2249 1511 2332 proxime
1540 2257 1614 2334 post
1640 2251 1761 2315 lectum

255 2338 449 2402 Natiuitatis
464 2337 555 2401 beati
570 2336 742 2417 Johsnnis,
757 2337 920 2421 Bsptiste,
935 2356 1020 2400 anno
1036 2337 1130 2420 regni
1145 2338 1230 2420 regis
1245 2335 1405 2414 Edwardi,
1420 2336 1482 2399 filii
1496 2357 1530 2400 re
1558 2339 1583 2399 's
1609 2337 1760 2402 Edwardi

255 2426 536 2509 decimoseptimo,
549 2445 657 2488 coram
671 2423 824 2488 Johunne
840 2424 871 2488 le
887 2423 986 2503 Bous,
999 2433 1034 2486 et
1049 2424 1070 2486 J
1072 2424 1199 2488 chenne
1214 2421 1539 2507 Turpyn,collectori
1561 2444 1599 2488 us
1615 2424 1761 2510 skutsgii

254 2513 379 2576 domini
394 2514 487 2612 regis·
493 2513 537 2613 de
551 2512 765 2576 excercitibus
780 2511 897 2574 Skocie
912 2513 1007 2575 cunis
1022 2513 1110 2613 regis
1124 2511 1272 2574 Edwardi
1291 2512 1393 2594 petris
1407 2512 1502 2612 'regis
1527 2531 1615 2575 nuuc
1636 2513 1754 2599 xxviij⁰

253 2596 1762 2772 11111111111111111111111111111111111111111

253 2775 432 2858 juratorum
448 2775 488 2837 de
503 2771 673 2838 hundredo
688 2775 729 2837 de
745 2773 948 2837 Elesstubbe.
993 2773 1037 2835 Et
1053 2771 1196 2857 Roggeri
1212 2772 1253 2836 de
1269 2771 1413 2850 Herden,
1424 2773 1581 2837 Willelmi
1596 2774 1637 2838 de
1650 2773 1761 2854 Stoke,

253 2862 412 2926 Johsnnis
440 2861 569 2940 Torsld,
599 2861 742 2946 Roggeri
773 2860 916 2944 Pypcrd,
952 2859 1085 2924 Roberti
1123 2859 1327 2944 Hoppegrns,
1364 2866 1399 2924 11
1436 2860 1583 2945 Philippi
1621 2861 1762 2947 Stormy,

252 2951 435 3035 juratorum
451 2948 493 3013 ds
508 2945 676 3012 hundredo
690 2949 731 3012 de
747 2947 992 3032 Kynewsrston,
1005 2949 1062 3032 qui
1078 2947 1192 3009 dicunt
1208 2968 1264 3030 per
1278 2953 1517 3011 sacramentum
1545 2969 1653 3026 suum,
1677 2952 1762 3035 quod

252 3038 337 3100 nulli
352 3042 430 3101 sunt
444 3044 595 3100 tenentes
610 3036 696 3098 infru
709 3035 915 3098 hundredum
929 3035 970 3097 de
987 3034 1192 3112 Elesstubbe,
1206 3035 1264 3118 qui
1279 3040 1457 3098 tenuerunt
1472 3036 1511 3100 ds
1534 3036 1666 3100 domiuo
1688 3057 1762 3124 rege
1887 3079 1896 3088 ι

252 3127 307 3190 i.c.
323 3125 418 3188 anule
433 3123 600 3208 predictis.
648 3123 734 3185 Item
749 3122 876 3200 dicunt,
892 3123 989 3206 quod,
1005 3123 1099 3185 snnis
1115 3121 1279 3206 predictis,
1294 3121 1377 3185 nulli
1399 3127 1548 3186 tenentes
1570 3124 1703 3188 fuerunt
1725 3125 1760 3187 in

253 3231 353 3276 manu
375 3212 462 3296 regis
487 3212 521 3274 in
545 3209 692 3294 predicto
714 3208 885 3273 hundredo
912 3210 954 3272 de
981 3208 1186 3286 Elesstubbe,
1200 3209 1265 3272 nisi
1287 3214 1410 3288 tamen,
1425 3210 1511 3294 quod
1533 3210 1685 3274 dominus
1706 3232 1761 3275 rex

253 3300 412 3384 percepit,
443 3299 537 3361 suuis
567 3298 734 3382 predictis,
763 3317 819 3380 per
848 3316 964 3360 munus
993 3303 1200 3361 exceetorum
1232 3316 1364 3359 suorum
1394 3296 1465 3381 xlij.
1478 3317 1504 3362 s.
1531 3299 1572 3363 de
1602 3299 1699 3363 terris
1728 3309 1762 3363 et

251 3387 450 3451 tenementis
472 3385 621 3449 Nicholui
644 3383 866 3468 Trenchefoyl,
890 3390 923 3447 et
947 3383 1054 3448 adhuc
1079 3383 1233 3467 percipit,
1257 3389 1414 3467 tanquam
1440 3386 1561 3448 siccum
1585 3386 1763 3464 redditum,

252 3495 332 3560 quos
346 3493 453 3538 comes
468 3472 508 3536 de
523 3470 690 3535 Boucham
706 3478 740 3535 et
751 3471 874 3536 Alenus
889 3471 921 3533 lc
937 3471 1062 3535 Souche
1077 3469 1252 3555 aliquando
1268 3472 1434 3554 percipere
1449 3471 1609 3540 solebant.

296 3665 383 3728 Item
399 3663 516 3727 dicunt
529 3662 571 3726 de
584 3660 751 3724 hundredo
766 3662 806 3724 de
821 3660 1070 3744 Kynerrsrston‚
1084 3659 1171 3744 quod
1188 3659 1376 3725 Willelmus
1391 3659 1504 3725 Russel
1529 3664 1652 3741 tenuit,
1669 3665 1765 3728 annis

252 3747 872 3836 1111111111.1111111111111111,
889 3748 932 3812 de
958 3748 1092 3811 domino
1115 3766 1192 3831 rege
1216 3748 1272 3812 i.c.
1289 3753 1323 3812 et
1349 3748 1765 3816 111111111ΤΙ111111111

253 3839 382 3919 Russel,
398 3838 485 3901 filim
499 3842 534 3901 et
548 3835 643 3900 heres
658 3837 799 3920 predicti
815 3835 989 3902 Willelmi.
1491 3835 1495 3844 '

295 3978 458 4042 Henricus
482 3975 525 4040 (11
550 3975 741 4039 lancastrie
766 3979 858 4038 tenet
882 3973 1021 4039 (11.111
1047 3973 1327 4052 Noursmuunnu,
1352 3975 1395 4038 de
1411 3974 1545 4038 domino
1560 3995 1637 4061 rege
1661 3976 1716 4043 i.c.
1732 3983 1765 4042 et

254 4066 361 4132 tenuit
376 4065 471 4128 annis
486 4062 655 4148 predictis.

296 4203 404 4268 Abbus
427 4203 468 4267 de
494 4201 591 4286 Hyde
617 4199 739 4276 tenuit,
763 4201 858 4262 ennis
888 4200 1057 4283 predictis,
1080 4199 1119 4264 de
1146 4199 1279 4263 domino
1302 4219 1377 4284 rege
1401 4200 1453 4264 i.c.
1468 4210 1504 4264 et
1528 4200 1635 4265 adhuc
1664 4207 1767 4283 tenet,

252 4294 276 4378 'p
292 4294 316 4359 f.
331 4313 377 4357 m.
392 4291 428 4354 in
444 4289 668 4357 Conruouourr
684 4294 719 4351 et
734 4287 878 4364 Proser,
893 4286 935 4350 de
950 4286 1091 4387 beronyc
1107 4307 1164 4350 sue
1181 4287 1222 4350 de
1239 4285 1337 4373 Hyde
1350 4287 1445 4374 juxte
1460 4288 1684 4369 Wyntonism.

297 4429 346 4493 De
376 4428 471 4492 terris
499 4425 718 4490 existentibus
747 4427 782 4489 in
811 4445 913 4487 munu
942 4425 1041 4508 regis,
1071 4425 1166 4488 11111
1195 4424 1363 4508 predictis,
1392 4425 1517 4505 dicunt,
1546 4429 1646 4511 quod,
1674 4432 1767 4493 11111

253 4517 414 4601 predictis.
430 4535 496 4578 111
510 4515 638 4599 virgutu
651 4518 749 4588 terre,
763 4533 826 4596 que
850 4511 916 4575 luit
940 4511 1033 4574 Petri
1059 4511 1218 4595 Lylebon,
1237 4511 1303 4574 fuit
1330 4513 1363 4575 in
1390 4532 1491 4577 munu
1516 4517 1612 4599 regis,
1638 4517 1766 4580 racione

254 4605 425 4669 lctuetctis
441 4601 589 4686 ejusdem
604 4600 706 4678 Petri,
722 4609 758 4663 et
771 4600 857 4662 nulli
871 4597 996 4662 hubent
1010 4607 1172 4663 tenentes.
1778 4599 1779 4604 ’

296 4741 393 4806 Terre
406 4739 574 4804 comitisse
590 4735 798 4819 Wurewylrye
822 4737 857 4798 in
882 4736 1043 4802 Burrusorr
1070 4737 1202 4800 fuerunt
1218 4737 1252 4798 in
1268 4755 1370 4800 11111
1385 4741 1472 4823 regis
1485 4758 1570 4802 suno
1585 4753 1712 4827 xxme⁰
1733 4749 1778 4810 et,

254 4838 331 4894 sunt
345 4833 508 4907 tenentes,
520 4825 684 4902 videlieet,
697 4823 886 4887 Willelmus
900 4824 941 4887 de
956 4824 1091 4886 Herden
1109 4824 1218 4886 tenuit
1232 4823 1272 4886 de
1287 4824 1377 4888 dictu
1391 4826 1557 4890 comitisse
1572 4827 1609 4913 ij.
1625 4831 1767 4914 virgstcs

254 4926 341 4982 terre
356 4919 390 4979 in
408 4915 591 5000 solrsgium,
606 4914 655 4976 its
669 4911 757 4996 quod
773 4910 964 4995 skutugium
979 4911 1059 4974 inde
1075 4931 1140 4974 non
1155 4910 1301 4976 debetur.
1358 4911 1403 4975 Et
1418 4912 1531 4976 Simon
1547 4913 1589 4978 dc
1605 4917 1765 4982 Cuntelou

253 5005 278 5091 j.
291 5007 453 5088 virgatam
469 5008 567 5078 terre,
577 5005 611 5064 et
627 4997 796 5064 Gslfridus
813 4997 984 5084 Hopegrcs'
996 4998 1022 5083 j.
1036 5000 1196 5082 virgstsm
1213 5011 1308 5075 terre,
1319 5018 1378 5080 per
1393 4997 1576 5086 sokegium.
1621 5004 1665 5066 Et
1678 5005 1765 5087 quod

254 5093 337 5156 nulli
351 5093 488 5156 fuerunt
501 5093 652 5152 tenentes
666 5086 806 5150 indicto
821 5087 975 5164 manerio,
991 5087 1049 5171 qui
1065 5090 1244 5149 tenuerunt
1260 5106 1317 5169 per
1333 5087 1505 5149 servicium
1521 5088 1677 5155 militare.

165 5197 171 5208 .
296 5231 383 5295 Item
397 5229 523 5304 dicunt,
539 5225 625 5311 quod
640 5229 725 5287 terre
740 5225 872 5287 comitis
888 5222 1073 5328 Glocestrie
1089 5221 1222 5286 fuerunt
1237 5223 1273 5284 iu
1289 5241 1391 5288 menn
1406 5197 1594 5309 regis'snno
1609 5184 1736 5313 rrxviij.¹

295 5367 454 5434 11111
470 5363 588 5430 stoue
602 5365 723 5440 mouit,
737 5365 831 5427 anun
845 5363 1015 5446 prodicus,
1030 5335 1077 5427 11
1094 5361 1118 5426 r.
1135 5363 1171 5425 n
1188 5359 1368 5443 woman,
1383 5362 1423 5454 <¹9
1438 5363 1528 5428 usto
1543 5366 1675 5448 comio„
