4092 6117
864 626 949 695 AD.
974 626 1069 695 1346.
1671 620 1711 685 91

248 916 395 983 Heredes
410 916 535 983 Thome
550 917 656 983 Pcche
670 922 783 984 tenent
797 917 823 1005 j.
839 920 947 1001 quart.
963 914 1110 1003 ejusdem
1125 915 1150 983 f.
1167 935 1213 983 m.
1228 913 1263 978 in
1278 912 1464 981 Dsnnuono
1479 909 1520 974 do
1533 905 1654 971 honore
1669 904 1709 969 de

207 1006 287 1088 Eys,
300 1011 334 1069 et
349 1007 407 1070 ille
424 1010 576 1086 (tenetur)
592 1006 633 1071 de
646 1027 733 1094 rege,
748 1006 835 1093 quod
848 1005 977 1071 feodum
998 1006 1165 1090 integrum
1191 1001 1375 1065 willelmus
1400 999 1441 1063 de
1468 996 1579 1061 Bovile
1606 1012 1711 1078 nuper

207 1093 316 1157 tenuit
330 1092 373 1157 de
387 1093 508 1158 honore
524 1094 565 1158 de
580 1094 661 1180 Eys.

250 1237 411 1303 Dominus
425 1238 588 1305 Johannes
601 1240 643 1305 de
657 1240 825 1324 Norwyco,
840 1240 947 1319 miles,
964 1242 1057 1303 tenet
1071 1237 1096 1325 j.
1112 1238 1136 1304 f.
1153 1258 1199 1303 m.
1216 1236 1251 1299 in
1267 1234 1474 1301 Bononsnno
1490 1230 1531 1295 de
1547 1229 1653 1313 priore
1669 1226 1710 1291 de

208 1324 280 1410 Ely,
294 1331 330 1389 ei,
344 1327 431 1411 prior
444 1328 486 1391 de
500 1348 587 1413 rege,
603 1327 690 1413 quod
705 1328 880 1412 aliquando
895 1326 1028 1391 domina
1043 1325 1238 1411 Margum,
1255 1325 1369 1407 regina
1386 1320 1515 1405 Anglie,
1532 1317 1652 1381 tenuit.

189 1489 195 1499 '
249 1475 391 1540 Thomas
404 1478 445 1542 de
459 1478 665 1563 Gyppewyco
679 1486 713 1545 et
724 1480 908 1543 Willelmus
924 1478 1004 1542 Boot
1017 1482 1135 1541 tenent
1149 1478 1175 1564 j.
1186 1480 1291 1559 quart.
1304 1475 1350 1540 di.
1363 1473 1386 1537 f.
1398 1494 1444 1538 m.
1458 1472 1492 1535 in
1504 1472 1711 1537 Banonrsnn

207 1563 246 1626 de
269 1566 415 1629 monerio
439 1566 480 1629 de
504 1566 691 1643 Bredefeld,
717 1571 753 1631 et
774 1567 831 1631 ille
857 1568 926 1646 (sic)
952 1567 994 1629 de
1017 1566 1125 1650 priore
1149 1564 1190 1627 de
1216 1563 1289 1649 Ely,
1313 1567 1348 1626 el
1371 1560 1427 1623 illc
1452 1560 1492 1623 de
1519 1576 1607 1642 rege,
1623 1554 1711 1641 quod

208 1650 382 1735 aliquando
398 1653 598 1737 Reginoldus
611 1652 653 1716 de
670 1654 874 1738 Brokedysch
891 1654 1011 1718 tenuit.

252 1790 415 1857 Henrious
443 1794 483 1858 de
513 1794 708 1873 Caldecotis,
732 1796 840 1873 miles,
869 1801 961 1860 tenet
992 1798 1088 1865 (11.1.
1116 1820 1161 1864 m.
1192 1797 1228 1861 in
1258 1797 1397 1863 Dasius
1427 1793 1467 1858 de
1498 1795 1643 1856 manerio
1670 1791 1711 1855 de

208 1871 362 1959 Benhale,
379 1888 415 1944 et
432 1879 489 1944 ille
508 1885 576 1962 (sic)
594 1882 633 1947 de
648 1881 767 1947 honore
782 1882 823 1946 de
838 1882 917 1967 Eys,
933 1890 967 1949 el
981 1886 1040 1951 ille
1063 1885 1104 1950 de
1127 1905 1215 1971 rege,
1241 1884 1328 1970 quod
1351 1880 1528 1967 aliquando
1552 1878 1713 1946 Henrious

209 1960 249 2026 de
266 1964 459 2041 caldecotis
472 1974 655 2033 antecessor
669 1970 741 2056 ejus
756 1972 874 2035 lenuit.

251 2115 346 2181 Idem
361 2119 525 2185 Henrious
539 2129 576 2185 et
590 2123 743 2207 priorissa
754 2123 797 2187 de
811 2122 985 2207 Osmpesse
999 2130 1120 2189 tenent
1134 2125 1159 2211 j.
1173 2128 1281 2208 quart.
1297 2123 1321 2189 f.
1338 2143 1384 2187 m.
1400 2123 1435 2184 in
1451 2122 1656 2187 Bnaonssnn
1672 2117 1713 2182 de

207 2209 350 2269 manerio
364 2208 405 2270 de
420 2206 577 2288 Benhale,
593 2217 628 2274 et
642 2210 699 2274 ille
715 2214 784 2288 (sic)
802 2210 843 2275 de
858 2210 980 2276 honore
995 2213 1036 2275 de
1051 2212 1132 2297 Epa,
1146 2218 1179 2275 et
1195 2210 1253 2274 ille
1268 2211 1309 2274 de
1323 2230 1412 2294 rege,
1427 2206 1513 2293 quod
1536 2204 1712 2291 aliquando

206 2288 303 2461 pil&i
306 2292 481 2445 0111ὶίηὲἕέ
494 2302 674 2360 antecessor
687 2298 825 2381 predicti
843 2298 976 2361 Henrici
994 2304 1030 2362 el
1043 2299 1193 2383 priorissa
1208 2298 1248 2361 de
1269 2295 1440 2379 Campesse
1467 2298 1644 2359 lenuerunl
1670 2292 1711 2355 de

254 2522 423 2590 Johannes
448 2527 489 2591 de
514 2526 647 2593 Sekford
671 2533 761 2594 leuet
785 2530 831 2595 di.
848 2530 870 2596 f.
887 2552 932 2597 m.
949 2531 982 2594 in
999 2531 1117 2597 Bonos
1133 2529 1173 2595 de
1189 2529 1331 2593 manerio
1345 2528 1385 2593 de
1401 2524 1594 2611 nullengho,
1610 2533 1644 2591 el
1656 2526 1712 2591 ille

207 2610 501 2781 gpvlssgemlpppsprpe
503 2614 560 2766 1{impl
562 2616 655 2767 tllya,
669 2624 704 2681 et
729 2617 786 2681 ille
812 2618 854 2682 de
877 2639 961 2703 rege,
989 2620 1075 2703 quod
1098 2617 1273 2704 aliquando
1298 2616 1450 2681 dominns
1465 2612 1648 2678 Willelmus
1670 2613 1710 2677 de

249 2843 424 2926 Johannes,
438 2848 525 2913 filius
541 2850 693 2914 Willelmi
711 2852 810 2916 Esoul
826 2858 915 2917 tenet
927 2852 955 2939 j.
968 2860 1075 2937 quart.
1089 2854 1113 2918 f.
1126 2875 1171 2919 m.
1184 2853 1219 2915 in
1235 2852 1437 2919 Rsnnsnonn
1453 2851 1493 2914 de
1509 2849 1655 2914 manerio
1670 2848 1710 2913 de

206 2930 437 3016 Dooygworth,
468 2943 502 3000 el
534 2937 591 3001 illc
625 2941 693 3017 (sic)
726 2939 766 3003 de
789 2938 908 3004 honore
937 2942 978 3004 de
1003 2942 1083 3025 Eya,
1108 2946 1142 3004 el
1168 2940 1223 3003 ille
1249 2941 1399 3024 detege,
1427 2936 1513 3022 quod
1536 2936 1711 3021 aliquando

207 3016 393 3085 Willelmus
407 3022 447 3085 de
462 3022 651 3089 Ramesholl
664 3028 773 3091 lenuit
790 3029 842 3108 (de
857 3028 977 3092 comite
991 3025 1205 3092 Maresohallo
1220 3026 1349 3104 added).

250 3180 435 3247 Willelmus
448 3183 479 3247 le
493 3184 678 3251 Northerne
691 3195 724 3252 et
740 3188 902 3253 Bobertus
917 3189 1064 3269 Bakoun,
1081 3189 1187 3267 miles,
1212 3194 1325 3253 lenent
1350 3187 1395 3253 di.
1412 3186 1435 3252 f.
1451 3208 1496 3252 m.
1513 3186 1548 3250 in
1562 3186 1710 3253 Wmssn

207 3266 248 3330 de
274 3271 419 3334 manerio
442 3272 482 3335 de
506 3271 661 3353 Benhale,
686 3280 720 3339 el
742 3276 798 3340 ille
826 3280 894 3355 (sic)
924 3277 964 3341 de
988 3276 1108 3341 honore
1134 3277 1175 3339 de
1198 3276 1279 3359 Eya,
1305 3280 1339 3338 et
1362 3274 1418 3337 ille
1442 3274 1482 3338 de
1511 3293 1596 3356 rege,
1623 3272 1711 3357 quod

205 3354 380 3439 aliquando
394 3356 578 3442 Stephanus
594 3362 712 3441 Houel‚
727 3363 822 3426 miles
837 3367 947 3427 tenuit
965 3364 1017 3443 (de
1034 3363 1153 3427 honore
1169 3363 1210 3427 de
1225 3362 1293 3445 Eye
1309 3362 1439 3457 added).

248 3508 411 3575 Dominus
425 3510 593 3595 Robertus,
607 3535 715 3579 comes
730 3514 918 3594 Suffolohie‚
935 3514 1056 3580 habens
1079 3516 1119 3579 ad
1145 3515 1231 3579 feodi
1257 3514 1383 3577 firmum
1409 3512 1450 3576 de
1474 3511 1645 3596 Radulpho
1669 3512 1710 3576 de

207 3596 343 3676 Neside,
360 3604 395 3661 et
418 3601 526 3663 dictus
550 3600 740 3685 Radulpbus
765 3602 865 3665 habet
890 3624 928 3667 ex
955 3606 1157 3667 concessione
1183 3602 1307 3666 domini
1335 3600 1417 3685 regis
1432 3601 1559 3663 racione
1575 3600 1710 3663 minoris

206 3686 306 3748 etatis
320 3682 448 3750 heredis
462 3687 582 3772 Rogeri
596 3690 637 3752 de
655 3690 882 3774 Huntyngfeld
908 3691 932 3775 j.
948 3695 1055 3774 quart.
1072 3691 1095 3756 f.
1111 3711 1156 3755 m.
1181 3691 1215 3752 in
1241 3690 1427 3755 Pnrsusnss
1444 3687 1478 3749 in
1493 3685 1655 3750 hamelelo
1670 3686 1710 3749 de

204 3770 360 3851 Bassos,
390 3780 425 3837 et
453 3780 585 3839 tenetur
611 3777 653 3840 de
682 3776 846 3840 Willelmo
875 3777 916 3841 de
946 3776 1103 3857 Holbrolr,
1130 3783 1166 3841 et
1195 3775 1251 3839 ille
1283 3774 1397 3855 (tenet)
1425 3773 1464 3837 de
1493 3774 1638 3837 manerio
1668 3772 1709 3837 de

205 3858 391 3940 Horsfortlr,
405 3867 441 3925 et
454 3862 510 3926 ille
528 3865 596 3942 (sic)
613 3862 655 3927 de
670 3863 750 3947 Epa,
765 3869 799 3927 el
813 3864 868 3927 ille
883 3863 1025 3950 detege,
1051 3864 1137 3951 quod
1161 3862 1334 3948 aliqnando
1358 3860 1379 3929 J
1380 3859 1523 3924 ohannes
1538 3860 1579 3925 de
1595 3859 1709 3924 Ufford

205 3947 328 4012 tenuit.

247 4094 342 4159 Idem
357 4116 462 4160 comes
477 4095 651 4163 Suffolohie
666 4102 757 4163 tenet
771 4100 816 4164 di.
830 4100 853 4165 f.
870 4122 916 4166 m.
932 4101 967 4163 in
981 4100 1120 4168 Urrono
1144 4099 1185 4163 de
1206 4098 1340 4163 castello
1365 4096 1406 4161 de
1429 4094 1706 4183 Framelingham,

204 4189 239 4247 et
254 4182 312 4246 ille
330 4184 399 4263 (sic)
416 4182 458 4246 de
472 4204 561 4272 rege,
575 4184 662 4269 quod
676 4186 852 4271 aliquando
866 4186 1026 4252 Robertus
1041 4187 1081 4251 de
1096 4186 1220 4267 Ufford,
1237 4185 1341 4262 miles,
1355 4184 1475 4249 tenuit.

249 4339 344 4402 Idem
359 4337 531 4418 Robertns,
545 4360 649 4403 comes
664 4338 852 4421 Suffolohie,
869 4346 965 4406 tenet
979 4341 1168 4428 homagium
1193 4340 1233 4405 de
1258 4341 1415 4408 Soonuno
1442 4358 1500 4421 pro
1526 4336 1550 4423 j.
1567 4336 1589 4401 f.
1605 4357 1651 4401 m.
1668 4336 1709 4400 de

204 4426 354 4490 msnerio
369 4425 410 4489 de
425 4425 606 4504 Bredefeld,
622 4432 656 4491 et
670 4426 727 4490 ille
744 4430 813 4507 (sic)
831 4430 872 4492 de
887 4430 994 4512 priore
1008 4430 1050 4494 de
1065 4430 1140 4515 lily,
1153 4436 1188 4493 el
1201 4428 1258 4492 ille
1273 4428 1314 4491 de
1328 4446 1414 4511 rege,
1431 4424 1517 4511 quod
1531 4422 1707 4508 aliquando

203 4514 314 4578 dictus
330 4512 491 4579 Robertus
506 4514 546 4579 de
562 4512 686 4594 Ufford,
703 4518 809 4595 miles,
826 4519 945 4582 tenuit.

247 4664 418 4730 Johannes
442 4667 483 4729 de
509 4662 672 4746 Lndlram,
701 4666 805 4745 miles,
829 4673 924 4731 senet
948 4667 972 4754 j
989 4670 1097 4749 quart.
1113 4666 1137 4731 f.
1154 4686 1199 4733 m.
1215 4664 1256 4730 de
1271 4662 1416 4727 manerio
1429 4662 1470 4725 de
1487 4660 1653 4741 Horsford,
1672 4666 1706 4726 et

202 4752 260 4817 ille
277 4753 349 4834 (sic)
365 4753 406 4817 de
421 4751 541 4817 honore
554 4752 595 4817 de
609 4754 689 4837 Epa,
704 4758 740 4817 el
753 4754 809 4816 ifle
824 4754 865 4818 de
880 4774 968 4839 rege,
984 4752 1070 4838 quod
1086 4752 1261 4841 aliquando
1276 4749 1462 4815 Willelmus
1488 4748 1529 4813 de
1558 4746 1707 4812 Ludham

200 4842 315 4904 tenuit
333 4840 386 4921 (de
401 4840 543 4903 Roberlo
557 4840 625 4904 filio
640 4840 758 4925 Rogeri
773 4842 903 4921 added).

247 4992 408 5059 Ricardus
422 4991 463 5056 de
477 4991 652 5056 Glaunvile
667 4997 760 5057 tenet
773 4993 798 5079 j.
811 4997 917 5077 quari.
930 4994 953 5058 f.
966 5014 1011 5058 m.
1022 4992 1058 5055 in
1076 4992 1206 5059 Son-ron
1221 4990 1261 5054 de
1277 4988 1423 5053 manerio
1438 4985 1477 5050 de
1489 4982 1706 5086 Horsford,·el

201 5080 260 5232 rtlgp
261 5082 349 5231 11(Ῑεῒιο)
366 5079 409 5143 de
423 5078 543 5143 honore
559 5080 600 5143 de
615 5080 694 5164 Eya,
711 5087 746 5143 et
762 5080 818 5143 ille
840 5080 883 5143 de
907 5101 994 5165 rege,
1019 5078 1105 5163 quod
1127 5076 1302 5161 aliquando
1330 5073 1506 5137 Nioholaus
1530 5070 1705 5135 Glaunvrle

245 5304 413 5370 Johannes
427 5302 468 5367 ds
483 5302 666 5384 Rotlisden,
680 5304 784 5384 miles,
802 5309 893 5369 tenet
907 5304 932 5390 j.
949 5312 1056 5388 quart.
1073 5301 1096 5368 f.
1114 5322 1159 5367 m.
1175 5302 1211 5365 in
1226 5300 1360 5367 Bornos
1375 5297 1417 5361 de
1432 5294 1551 5360 honore
1565 5293 1607 5359 ds
1622 5292 1702 5379 Eya,

199 5400 234 5459 el
248 5394 305 5457 ille
320 5392 462 5476 derogo,
479 5392 566 5477 quod
580 5391 757 5475 aliquando
769 5393 858 5456 idem
873 5390 1049 5455 Nicholaus
1065 5388 1239 5453 Glsunvile
1254 5387 1375 5453 tenuit.
