4092 6117
912 549 995 614 Α.Ι).
1021 550 1116 616 1846.
1698 557 1762 621 807

281 913 285 918 ‚
299 834 345 896 Et
358 835 398 898 de
410 856 463 899 xx.
473 854 500 900 e.
516 835 556 899 de
572 835 738 900 Willelmo
753 836 821 900 filio
836 836 858 901 J
859 836 997 900 chunnis
1012 838 1053 901 de
1069 835 1192 917 Lench,
1214 837 1235 900 J
1237 835 1363 901 ohanne
1378 837 1419 900 de
1433 837 1594 914 Hernton‚
1607 835 1759 914 chiveler,

256 921 391 984 Ricurdo
405 921 447 985 de
463 920 584 1003 Lench,
600 919 751 986 Johunne
776 924 817 988 de
841 921 975 987 Cheetre
1001 923 1042 988 de
1067 924 1186 1002 Lench,
1210 931 1244 988 et
1258 924 1401 988 Henrico
1416 923 1538 1007 Noreys
1552 945 1610 1008 pro
1624 925 1669 990 di.
1685 924 1708 988 s.
1723 924 1759 988 iu

254 1008 371 1074 Leuce
387 1010 561 1090 Ruununr,
577 1011 663 1094 quod
679 1011 824 1096 Rogerue
839 1012 880 1075 de
896 1009 1007 1075 Irench
1023 1012 1185 1098 quondam
1201 1012 1323 1088 tenuit,
1337 1013 1422 1074 sicut
1436 1013 1622 1075 continetur
1636 1019 1699 1076 eto.

297 1146 342 1210 Et
356 1147 397 1210 de
412 1169 499 1214 xxc.
515 1149 555 1211 de
578 1146 729 1214 Johanne
754 1149 786 1212 le
814 1148 927 1232 Bruyn
951 1169 1009 1233 pro
1036 1149 1080 1215 di.
1096 1150 1119 1213 f.
1146 1151 1181 1211 in
1209 1150 1450 1227 Herennium,
1479 1149 1565 1231 quod
1589 1149 1759 1231 predictus

254 1233 398 1319 Rogerue
413 1234 454 1299 de
469 1234 579 1298 Lench
596 1237 764 1320 quondum
778 1238 900 1315 tenuit,
915 1237 1001 1301 sicut
1016 1238 1203 1300 continetur
1217 1243 1279 1300 eto.

296 1374 340 1437 Et
360 1375 405 1437 de
430 1375 509 1440 xia.
534 1377 575 1438 de
600 1373 750 1440 Johunne
775 1376 909 1442 Pendok
934 1396 993 1461 pro
1018 1377 1044 1463 j.
1061 1375 1084 1442 f.
1112 1379 1147 1439 in
1173 1378 1426 1443 Wnerurucorn
1451 1380 1486 1440 et
1510 1377 1657 1453 Peucon,
1674 1372 1759 1458 quod

254 1460 412 1526 Robertue
427 1463 467 1525 de
481 1462 616 1527 Pendok
631 1463 796 1547 quondum
811 1465 932 1543 tenuit,
948 1466 1033 1528 sicut
1047 1466 1234 1527 continetur
1250 1468 1314 1528 etc.

296 1600 341 1663 Et
355 1601 396 1664 de
409 1601 454 1667 lx.
464 1626 491 1668 e.
508 1603 548 1666 de
563 1603 710 1667 Johanue
727 1603 814 1688 Supy
829 1625 886 1688 pro
910 1606 936 1690 j.
953 1604 977 1668 f.
992 1611 1027 1669 et
1041 1605 1086 1670 tir.
1103 1606 1255 1669 similiter
1271 1607 1373 1669 tentio
1389 1605 1429 1668 de
1444 1606 1563 1668 comite
1579 1601 1759 1666 Werrewici

251 1688 287 1750 in
311 1688 541 1755 Runnrennuu
568 1690 725 1770 Bienor,
751 1713 813 1776 que
844 1692 1011 1757 Gulfridus
1041 1693 1176 1756 Dubitot
1206 1692 1371 1775 quondam
1401 1694 1511 1756 tenuit
1541 1690 1581 1754 de
1611 1690 1761 1773 episcopo

253 1775 491 1860 Wygomiensi,
507 1785 545 1841 ut
561 1779 735 1862 porcellum
749 1779 971 1862 predictorum
986 1801 1059 1845 xxx.
1075 1779 1098 1846 f.
1114 1780 1158 1845 di.
1175 1780 1260 1843 sicut
1276 1781 1463 1843 continetur
1476 1785 1544 1846 etc.

295 1913 341 1976 Et
354 1914 395 1977 de
410 1914 480 2000 viij.
490 1935 517 1981 e.
534 1916 576 1979 de
592 1916 759 1980 Willelmo
775 1918 879 1998 Bruci,
894 1919 964 1981 filio
979 1917 1125 1996 Roberti,
1140 1937 1197 2002 pro
1213 1919 1259 1980 vi*
1279 1921 1371 2000 purte
1386 1918 1411 2002 j.
1429 1915 1452 1982 f.
1466 1938 1511 1982 m.
1523 1917 1559 1978 in
1574 1915 1759 1993 Houurreu

252 2001 336 2087 quod
352 2001 513 2066 Robertue
527 2004 568 2067 de
583 2002 677 2068 Braci
691 2006 856 2087 quondum
871 2006 993 2082 tenuit,
1008 2007 1095 2069 sicut
1108 2007 1297 2070 continetur
1311 2011 1373 2068 etc.

295 2148 341 2212 Et
354 2148 396 2211 de
410 2169 463 2213 xx.
474 2169 501 2214 e.
516 2149 557 2212 de
573 2150 706 2213 domiue
721 2150 866 2215 Huwieia
881 2151 921 2214 de
937 2150 1092 2234 Wyeham
1110 2155 1146 2214 et
1162 2150 1308 2214 Waltero
1323 2150 1363 2213 de
1380 2147 1529 2213 Stretton
1553 2169 1611 2231 pro
1625 2147 1671 2214 di.
1687 2149 1710 2214 f.
1725 2150 1760 2213 in

252 2235 495 2314 Wonrururou,
510 2236 594 2320 quod
611 2237 794 2301 Willelmus
809 2238 850 2301 de
863 2237 1071 2322 Wolirynton
1086 2238 1250 2324 quondam
1266 2238 1386 2314 tenuit,
1397 2236 1485 2300 sicut
1497 2236 1686 2300 continetur
1698 2242 1760 2302 etc.

295 2373 340 2435 Et
353 2375 394 2437 de
408 2373 505 2459 iiije.
522 2375 562 2439 de
577 2373 719 2439 Roberto
734 2374 842 2453 Eruci,
859 2397 916 2459 pro
942 2386 977 2438 x·
998 2381 1091 2460 purte
1110 2375 1138 2460 j.
1156 2375 1180 2441 f.
1196 2397 1242 2440 m.
1259 2375 1296 2438 in
1311 2351 1432 2454 Aerou,
1455 2394 1519 2457 que
1546 2372 1705 2437 Robertue
1719 2373 1760 2437 de

252 2461 357 2612 ἐποποῖ,
371 2468 550 2526 antecessor
566 2463 705 2545 predicti
720 2462 855 2526 Roberti
869 2464 926 2548 qui
949 2483 1038 2528 nunc
1061 2470 1122 2541 eet,
1144 2463 1307 2548 quondam
1330 2463 1451 2540 tenuit,
1473 2462 1560 2527 sicut
1574 2463 1761 2525 continetur

295 2685 341 2748 Et
355 2686 395 2749 de
409 2686 475 2771 xvj.
488 2711 514 2752 e.
526 2687 567 2751 de
581 2688 696 2751 eodem
707 2687 849 2750 Roberto
864 2685 958 2749 Braci
969 2707 1027 2769 pro
1037 2687 1142 2750 tercie
1156 2691 1259 2770 parte,
1275 2697 1357 2751 xxm·
1374 2691 1475 2770 purte,
1484 2691 1518 2749 et
1529 2692 1602 2751 octo
1617 2687 1761 2770 pertibus

251 2782 331 2835 xvme
345 2776 448 2855 pertis
461 2775 486 2861 j.
503 2774 527 2840 f.
545 2796 589 2840 m.
606 2777 642 2837 in
658 2776 868 2853 Wrrurnnou,
884 2794 946 2859 que
971 2778 1154 2838 antecessor
1181 2775 1320 2858 predicti
1346 2773 1481 2838 Roberti
1507 2775 1564 2858 qui
1591 2794 1677 2838 nunc
1700 2781 1761 2852 eet,

252 2861 415 2945 quondum
430 2862 553 2939 tenuit,
568 2864 653 2925 sicut
668 2863 856 2925 continetur
869 2869 933 2926 etc.

296 2993 337 3057 Et
362 2996 403 3059 de
428 2994 533 3081 viiie.
562 2996 601 3059 de
629 2995 789 3059 Katerinu
814 2994 926 3059 Halret
950 3016 1009 3079 pro
1037 2999 1080 3059 ν’·
1102 3002 1192 3079 purte
1218 2995 1243 3080 j.
1260 2995 1283 3057 f.
1302 3018 1346 3060 m.
1373 2997 1408 3059 in
1433 2997 1659 3077 Anvuonrrtcn‚
1675 2999 1762 3083 quod

253 3078 444 3165 liudulphus
460 3081 575 3147 Huket
590 3084 754 3167 quondum
771 3083 891 3160 tenuit,
904 3085 989 3146 sicut
1004 3084 1194 3147 continetur
1208 3091 1272 3148 ete.

297 3231 342 3294 Et
371 3232 412 3294 de
443 3251 495 3295 xx.
507 3254 533 3296 r.
563 3231 604 3296 de
629 3231 778 3296 Johnnne
807 3233 847 3295 de
877 3232 993 3315 Peyto,
1023 3232 1163 3317 juniore,
1190 3252 1247 3315 pro
1272 3231 1317 3296 di.
1346 3229 1369 3296 f.
1391 3232 1425 3293 in
1451 3231 1648 3312 Wrueunrn,
1675 3236 1761 3319 quod

252 3318 434 3382 Willelmue
450 3319 491 3382 de
506 3317 761 3402 Bhieehopeeton
780 3322 849 3397 (sic)
869 3319 1033 3404 quondam
1050 3320 1171 3396 tenuit,
1187 3321 1272 3381 sicut
1287 3318 1475 3382 continetur
1490 3327 1553 3384 eto.

294 3467 339 3530 Et
354 3468 395 3530 de
411 3467 491 3531 xie.
508 3466 547 3530 de
564 3466 718 3530 Metillde
745 3465 878 3529 Dabitot
904 3475 940 3530 et
964 3473 1156 3550 preceptore
1183 3464 1296 3530 Sancti
1320 3464 1477 3530 Woletuni
1504 3467 1679 3553 Wygoruie
1703 3491 1760 3553 pro

250 3556 275 3641 j.
291 3555 313 3620 f.
329 3558 362 3617 iu
379 3554 599 3630 Hruonnuru,
616 3553 702 3638 quod
718 3551 885 3617 Johannes
901 3553 1041 3618 Debitot
1056 3553 1219 3638 quondum
1236 3555 1357 3631 tenuit,
1375 3555 1460 3616 sicut
1474 3556 1661 3619 continetur
1675 3562 1737 3622 etc.

294 3709 338 3773 Et
352 3708 392 3771 de
406 3707 513 3792 viij.e.
530 3708 570 3770 de
589 3707 751 3772 willelmo
778 3709 818 3772 de
846 3708 937 3772 Bello
963 3707 1093 3792 Campo
1108 3728 1167 3790 pro
1193 3711 1237 3770 v‘·
1259 3713 1348 3790 purte
1366 3707 1395 3790 j.
1421 3704 1444 3772 f.
1469 3729 1514 3772 m.
1540 3710 1574 3770 in
1602 3710 1760 3777 Lrvnuuu

249 3815 347 3877 quam
361 3796 527 3878 predictus
541 3795 562 3858 J
564 3793 708 3859 ohannes
724 3795 859 3860 Dabitot
872 3796 1036 3880 quondum
1052 3797 1172 3872 tenuit,
1188 3796 1273 3860 sicut
1289 3795 1477 3858 continetur
1492 3803 1554 3858 etc.

294 3933 337 3996 Et
351 3933 392 3996 de
408 3932 476 4017 viij.
488 3955 514 3997 e.
531 3933 570 3996 de
585 3930 740 4016 Philippo
755 3933 795 3996 de
811 3932 1007 4017 Pecheeleye
1023 3953 1081 4016 pro
1096 3934 1140 3996 Ψ·
1162 3939 1255 4015 parte
1265 3931 1293 4015 j.
1310 3931 1333 3996 f.
1350 3953 1396 3996 m.
1412 3933 1448 3994 iu
1466 3931 1644 3998 Gonnum
1659 3954 1758 4018 quarn

250 4020 417 4086 Johennee
431 4021 471 4084 de
487 4017 647 4102 Codeleye
660 4020 825 4102 quondum
840 4023 961 4097 tenuit,
977 4022 1064 4084 sicut
1079 4022 1265 4085 continetur
1280 4026 1344 4084 etc.

294 4165 339 4228 Et
353 4165 393 4229 de
406 4165 465 4249 xij.
475 4188 501 4229 e.
516 4165 557 4228 de
572 4163 720 4228 Johunne
744 4166 785 4229 de
811 4165 1026 4251 Kekyngwylr
1043 4186 1099 4250 pro
1114 4165 1190 4251 ffiju
1212 4169 1303 4248 perte
1318 4169 1352 4228 et
1366 4172 1444 4228 xxm
1469 4171 1562 4246 purte
1572 4165 1600 4249 j.
1616 4165 1640 4230 f.
1656 4189 1701 4232 m.
1725 4167 1758 4229 iu

249 4253 523 4405 (I‘iopfflptvurpnetpt
547 4253 716 4330 Herenni,
742 4274 839 4338 quum
864 4253 1027 4318 Walterue
1052 4255 1092 4317 de
1120 4250 1335 4337 Kekyngwylr
1360 4251 1524 4334 quondum
1540 4254 1660 4331 tenuit,
1674 4255 1759 4317 sicut

292 4478 338 4555 Et
350 4479 391 4543 de
405 4479 503 4564 iiije.
518 4477 558 4541 de
573 4477 717 4542 Waltero
731 4480 772 4541 de
787 4478 981 4561 Hoklynton
995 4499 1053 4563 pro
1069 4488 1125 4544 xm·
1142 4483 1236 4562 parte
1251 4477 1276 4564 j.
1296 4476 1319 4542 f.
1336 4497 1381 4541 m.
1397 4476 1433 4539 in
1456 4477 1680 4558 Kumuuux,
1696 4500 1759 4563 que

248 4565 411 4630 Waltcrue
426 4567 468 4628 de
485 4563 702 4650 Kelryngwyk
718 4567 883 4651 quondam
899 4568 1020 4647 tenuit,
1036 4567 1123 4630 eicut
1137 4566 1341 4642 continetur,
1359 4569 1422 4628 etc.

292 4710 336 4774 Et
361 4711 401 4773 de
428 4710 497 4793 viij.
510 4733 537 4774 e.
564 4710 605 4773 de
629 4708 795 4774 Willelmo
821 4711 932 4776 Broun
959 4713 1000 4775 de
1027 4706 1248 4795 Grymenhull
1274 4729 1333 4792 pro
1359 4707 1403 4772 v‘¹
1432 4712 1524 4791 purte
1547 4708 1573 4793 j.
1598 4709 1623 4774 f.
1652 4731 1697 4774 nr.
1723 4711 1756 4774 in

250 4797 496 4948 (eitlgrrruununn,
510 4816 610 4881 quum
636 4795 795 4862 Ricardue
821 4800 863 4863 de
890 4796 1109 4883 Grymenhull
1134 4796 1297 4883 quondam
1324 4796 1449 4873 tenuit,
1464 4796 1548 4859 sicut
1572 4798 1759 4862 continetur

293 5023 339 5087 Et
352 5022 394 5086 de
407 5043 495 5088 xxa.
510 5022 551 5085 de
566 4981 733 5086 Wilielmo
758 5023 894 5089 Dubitot
919 5045 977 5108 pro
1000 5024 1046 5090 di.
1063 5022 1087 5090 f.
1105 5024 1139 5086 in
1166 5024 1315 5102 Gnouton,
1332 5019 1418 5104 quod
1442 5019 1599 5084 Oebertue
1623 5020 1759 5087 Dubitot

250 5111 411 5195 quondum
426 5110 550 5189 tenuit,
565 5110 651 5173 sicut
665 5113 851 5175 continetur
865 5117 928 5177 etc.

293 5248 337 5309 Et
351 5245 391 5310 de
407 5265 492 5311 xxa.
507 5245 548 5310 de
572 5247 726 5329 priorisse
751 5248 793 5313 ie
816 5247 959 5314 Kochull
985 5271 1044 5333 pro
1068 5248 1114 5313 di.
1129 5248 1153 5314 f.
1180 5249 1214 5311 in
1239 5248 1446 5324 Iucunrrnon,
1480 5243 1568 5333 quod
1593 5245 1758 5329 predictus

250 5333 405 5400 Oebertue
420 5333 555 5398 Dabitot
569 5334 737 5420 quondum
751 5338 873 5420 tenuit,
891 5338 979 5405 eiout
994 5337 1186 5402 continetur
1199 5339 1262 5402 etc.
