4092 6117
844 596 927 665 A.D.
951 600 1047 667 1346.
1645 609 1687 674 51

228 884 276 951 De
306 885 454 951 Johcuno
483 885 523 951 do
554 885 744 971 Mortymm,
775 884 914 972 juniore,
942 890 1076 950 tenente
1113 886 1147 949 in
1187 886 1353 967 (lusuros,
1392 887 1617 966 innumeros,
1652 892 1687 951 ct

184 975 414 1043 Wurrmorou
429 980 575 1059 quartam
591 980 715 1058 parbem
731 972 753 1039 f.
770 994 815 1039 m.
832 974 918 1055 quod
934 972 1117 1042 Willelmus
1132 974 1172 1040 dc
1188 973 1329 1061 Olcydon
1344 975 1507 1061 quondum
1530 977 1637 1040 tonuit
1651 975 1686 1037 iu

184 1063 305 1127 eisdem
321 1062 408 1126 villis
423 1063 463 1126 dc
479 1061 598 1125 honoro
613 1061 798 1125 [anemio
809 1096 1533 1116 --------
1621 1082 1686 1128 mc.

228 1198 277 1263 Dc
301 1198 472 1284 Rudulpho
496 1199 536 1263 de
560 1198 740 1285 Bockyugg
763 1201 899 1261 tenente
924 1200 1107 1261 manerium
1133 1198 1173 1262 de
1198 1198 1440 1267 Humum
1464 1199 1582 1285 prodi.
1599 1200 1623 1267 f.
1640 1220 1686 1266 m.

184 1287 271 1373 quod
288 1286 433 1371 Rogcrus
448 1286 534 1351 lilius
550 1284 681 1351 Osbcrli
697 1284 861 1369 quondum
875 1284 984 1349 tenuit
1000 1286 1035 1348 iu
1050 1284 1161 1349 eodem
1176 1285 1254 1349 villu
1268 1286 1309 1350 do
1325 1287 1498 1351 Edmundo
1513 1286 1553 1354 dc
1567 1286 1687 1370 Thorp.

894 1384 901 1397 '
1600 1394 1685 1440 xxm.

227 1512 275 1574 De
300 1512 442 1575 Robcrto
466 1512 507 1574 de
530 1511 713 1575 Todinbsm
740 1514 872 1574 tcucnlc
898 1509 1082 1573 manerium
1105 1509 1146 1573 dc
1170 1510 1309 1576 Nuuuou
1333 1530 1369 1577 ru
1400 1510 1601 1578 Swruuoruu
1630 1531 1689 1594 pro

144 1672 148 1677 ,
183 1598 276 1750 {Rufe
277 1620 341 1750 ἃ
342 1598 577 1749 1(ὲιιοιίιιοιιιίιιιι
591 1596 744 1737 Jobsnuc
756 1595 886 1737 charles
900 1596 1063 1737 quondam
1077 1598 1186 1736 tonuit
1211 1599 1253 1738 iu
1272 1598 1384 1738 ecdem
1399 1599 1477 1735 villu
1500 1598 1688 1751 sle-comi?

226 1823 276 1887 Dc
291 1822 449 1887 Nicholuo
464 1823 602 1904 Msugar
617 1826 750 1887 tenente
763 1822 800 1884 iu
816 1821 894 1886 villu
907 1822 948 1885 (lc
964 1821 1218 1890 Wusruurrunu
1241 1823 1287 1889 di.
1304 1822 1327 1890 f.
1345 1844 1390 1891 m.
1408 1824 1494 1910 quod
1510 1820 1687 1888 Nicholsus

184 1912 322 1994 Muugor
338 1912 500 1997 quondum
515 1912 625 1974 tenuit
640 1911 676 1973 iu
691 1909 806 1973 cadem
821 1908 899 1973 villu
914 1908 954 1973 de
970 1906 1148 1973 bonoredc
1164 1910 1232 1996 Eyc
1340 1949 1354 1966 ·
1443 1952 1455 1963 ·
1544 1951 1555 1963 -
1602 1933 1686 1978 xus.

229 2050 277 2114 lle
292 2050 460 2114 Willelmo
485 2050 525 2113 dc
552 2047 699 2133 Henlcye
722 2050 857 2110 tenente
881 2047 916 2110 iu
942 2047 1109 2113 Huuurrs
1133 2052 1285 2133 quartum
1309 2056 1436 2133 purtem
1458 2049 1483 2136 j.
1499 2049 1523 2115 f.
1539 2071 1584 2116 m.
1601 2049 1687 2134 quod

184 2138 354 2201 Hubertus
368 2137 408 2201 do
423 2136 569 2221 chlcyc
591 2134 770 2223 [quondam
785 2134 894 2198 tenuit
909 2136 944 2197 iu
959 2134 1075 2197 ecdem
1090 2133 1169 2198 villu
1182 2134 1223 2199 dc
1238 2133 1402 2223 Jobcune]
1423 2136 1465 2200 dc
1482 2136 1635 2221 Olcydoc.
1688 2194 1692 2200 .

1621 2246 1685 2289 ms.

230 2366 280 2428 Dc
306 2361 535 2426 Bartholomeo
557 2362 596 2425 de
619 2358 818 2445 Burghcscb‚
833 2359 973 2445 juniore,
988 2365 1123 2424 tenente
1146 2361 1329 2424 manerium
1344 2359 1385 2424 dc
1402 2360 1609 2429 Swruuouns
1632 2382 1689 2447 pro

185 2453 345 2536 quarterio
371 2452 395 2516 f.
413 2471 457 2515 m.
483 2448 568 2535 quod
591 2446 757 2511 Johannes
779 2445 974 2533 [chlsund
1000 2448 1164 2531 quondam
1190 2448 1298 2512 tenuit
1325 2446 1513 2535 incudem]
1546 2449 1622 2513 villo
1647 2449 1688 2513 de

185 2541 305 2603 comite
321 2537 511 2601 Maresculo
606 2574 1535 2587 ··········
1587 2533 1681 2623 [mc]

229 2670 276 2733 lle
292 2668 443 2733 Jobsnno
457 2668 498 2731 ds
514 2666 635 2731 Brousc
650 2669 785 2730 tenente
801 2667 836 2727 iu
853 2664 1014 2731 Auruncu
1029 2684 1129 2729 unum
1146 2665 1359 2729 medictatem
1386 2667 1426 2730 dc
1449 2686 1515 2730 uno
1539 2668 1585 2734 di.
1601 2668 1625 2735 f.
1642 2691 1687 2737 m.

185 2758 271 2841 quod
286 2756 425 2843 Egidius
440 2755 480 2819 dc
496 2754 614 2819 Brousc
637 2752 816 2839 [quondam
831 2754 940 2817 tonuit
956 2753 990 2815 iu
1006 2750 1133 2840 ecdem]
1156 2752 1233 2817 villo
1247 2753 1288 2817 de
1302 2754 1423 2817 comite
1436 2753 1639 2823 Moresccllo.

1586 2841 1680 2932 [Μ]

231 2984 278 3045 Dc
304 2980 430 3045 'lbomc
452 2980 500 3043 dil
528 2976 606 3043 Dclc
632 2981 767 3042 tenente
793 2978 827 3040 in
852 2978 965 3042 ecdem
981 2978 1062 3042 villu
1086 2978 1184 3042 ulium
1211 2978 1421 3043 medictatem
1445 2980 1528 3045 dieti
1541 2981 1587 3048 di.
1603 2981 1627 3046 f.
1642 3005 1687 3049 m.

187 3070 272 3156 quod
287 3068 425 3154 Egidius
439 3068 479 3131 dc
495 3066 615 3131 Brcusc
630 3066 794 3150 quondum
809 3067 920 3130 tonuit
934 3066 968 3128 iu
984 3065 1098 3129 cadem
1114 3066 1193 3129 villc
1207 3066 1248 3129 de
1263 3068 1383 3130 comite
1397 3066 1601 3135 Moresocllo.

1622 3177 1685 3223 Μ.
1751 3198 1758 3210 ,

670 3238 1147 3410 sumugigfflffiff·
1164 3239 1187 3307 f·

656 3776 892 3865 [Huuusuuuu
915 3778 974 3867 us]
1003 3780 1230 3850 BOSMERE.

233 3918 407 4004 Inquisicio
436 3920 531 3999 captu
558 3934 667 3978 coram
697 3915 840 3980 Honrioo
869 3917 908 3981 de
937 3916 1088 3981 Elmbsm
1118 3921 1151 3981 ct
1181 3916 1276 3980 sociis
1306 3918 1372 3981 suis
1401 3916 1625 3982 collectoribus
1652 3924 1687 3983 ct

186 4006 405 4090 receptoribus
431 4002 637 4067 racionabilis
663 4004 777 4067 auxilii
800 4004 834 4067 in
865 4006 1024 4068 comitutu
1051 4003 1209 4068 Suffolkic
1233 4004 1365 4068 domino
1390 4006 1459 4090 regi
1483 4006 1686 4069 concessisti

185 4095 442 4178 primogenitum
472 4089 577 4154 filium
606 4090 746 4154 militem
776 4090 973 4168 faciendum,
997 4112 1055 4174 per
1082 4090 1269 4156 Jobsnnom
1292 4092 1323 4155 lc
1347 4092 1502 4178 Mouncy‚
1527 4092 1686 4157 Thomsm

186 4181 370 4264 Karkeuey,
385 4178 564 4243 Robcrtum
589 4178 628 4239 de
653 4176 817 4256 Grstlord,
841 4178 1023 4242 Johauncm
1049 4178 1160 4259 Golet,
1175 4178 1351 4242 Ricardum
1375 4179 1487 4258 Clcwc,
1501 4178 1685 4245 Johsnncm

184 4270 225 4331 dc
241 4268 273 4332 ls
288 4268 409 4344 Sueto,
418 4265 622 4328 willelmum
637 4263 684 4326 dil
699 4263 813 4345 Wode,
826 4264 1047 4349 Augustinum
1063 4265 1094 4329 lc
1107 4266 1196 4352 Moy,
1207 4265 1396 4331 Gclfridum
1411 4265 1568 4348 Purohsz,
1582 4267 1685 4331 Adam

183 4355 289 4435 Poull,
304 4352 463 4449 'l'bomsm
478 4351 509 4415 lc
525 4351 585 4435 Ry,
600 4350 782 4415 Jobunnem
798 4351 819 4415 J
820 4351 952 4437 ulyoun.

228 4546 392 4611 Johsunes
418 4542 561 4627 Typclot
583 4547 673 4605 tenet
696 4542 731 4605 in
754 4542 986 4608 Nummorum
999 4542 1026 4627 j.
1043 4542 1067 4608 s.
1084 4565 1130 4610 m.
1146 4543 1188 4607 dc
1203 4544 1338 4608 domino
1353 4562 1428 4627 rego
1443 4545 1495 4610 i.c.
1511 4544 1551 4609 dc
1566 4542 1687 4610 honoro

184 4636 225 4698 de
240 4629 453 4710 Ricbemoud,
467 4629 555 4715 quod
578 4628 729 4712 Pogonus
752 4630 894 4715 'lypcbob
917 4630 1081 4712 quondum
1106 4630 1213 4695 tonuit
1240 4632 1275 4694 in
1290 4631 1404 4694 eudem
1419 4630 1500 4695 villu
1514 4631 1555 4696 dc
1571 4634 1684 4697 eodem

184 4742 258 4806 rege
274 4727 309 4783 el
324 4718 364 4782 dc
377 4716 491 4782 codem
506 4713 638 4781 honore.

228 4858 375 4943 Rogerus
400 4856 431 4918 le
453 4852 576 4917 Archer
596 4858 688 4917 tenet
703 4856 737 4916 iu
753 4854 943 4921 Wrmsrmu
959 4854 983 4940 j.
999 4856 1023 4921 l.
1040 4877 1086 4921 m.
1103 4856 1143 4921 dc
1158 4857 1289 4920 domino
1302 4875 1378 4940 rcgc
1392 4856 1445 4922 i.c.
1462 4862 1495 4920 et
1511 4857 1550 4921 de
1565 4855 1685 4921 honore

185 4946 380 5022 banoscum,
403 4940 505 5029 [quod
530 4938 672 5003 Thomas
696 4941 735 5004 de
760 4940 878 5025 Grcylc
905 4943 1068 5026 quondum
1084 4941 1228 5030 tenuit]‚
1242 4943 1330 5007 uude
1354 4941 1520 5007 Johunucs
1545 4944 1685 5029 Typetot

183 5042 276 5097 tenet
291 5032 332 5095 de
345 5030 458 5094 eodem
475 5028 497 5093 f.
513 5033 547 5092 ct
562 5028 602 5091 de
617 5028 729 5091 codem
745 5048 820 5111 rege
835 5030 871 5092 in
886 5028 995 5095 Psuvs
1011 5030 1219 5096 Bmusunsu
1241 5032 1380 5095 tercium
1406 5038 1533 5114 purtem
1563 5032 1582 5097 ¹.
1598 5032 1621 5097 f.
1637 5052 1683 5097 m.

185 5130 221 5184 et
244 5117 411 5184 Johsuues
436 5116 578 5199 Typetot
604 5120 694 5178 tenet
721 5116 756 5178 in
779 5114 893 5179 ecdem
908 5115 987 5179 villo
1012 5116 1054 5180 dc
1078 5118 1225 5201 predicto
1240 5139 1315 5204 rege
1329 5118 1396 5182 v‘¹¹²¹
1409 5123 1534 5202 portem
1554 5138 1581 5203 J.
1598 5118 1622 5184 f.
1638 5139 1683 5184 m.

183 5208 269 5292 quod
284 5202 464 5269 Nioholsus
478 5203 520 5267 dc
537 5201 689 5267 Duustsll
703 5221 807 5285 nuper
821 5204 942 5281 tenuit,
956 5209 991 5266 et
1005 5203 1165 5268 Robertus
1187 5206 1228 5269 de
1244 5203 1432 5288 Wylmbsm
1452 5210 1487 5269 ob
1508 5205 1685 5289 purocucrii

183 5297 234 5359 sui
256 5295 375 5358 tonent
400 5290 441 5353 ds
466 5290 613 5374 predicto
638 5286 764 5351 Thomu
786 5291 821 5352 st
845 5291 882 5352 in
906 5289 1019 5353 ecdem
1036 5291 1114 5355 vills
1140 5294 1276 5356 tercium
1300 5300 1427 5377 partum
1451 5291 1533 5355 dicu
1559 5290 1583 5357 f.
1599 5290 1684 5376 quod

183 5381 345 5447 Robcrtus
359 5378 401 5445 dc
415 5376 593 5444 Wilsshsm
608 5393 713 5465 nuper
727 5376 833 5445 tenuit
850 5376 886 5445 iu
902 5375 1015 5445 eadem
1032 5377 1120 5445 villa.
