4092 6117
961 610 1178 682 SUFFOLK.

694 898 930 989 [Hosoanoon
953 900 1012 989 on]
1043 901 1460 970 THETWARDESTRE.

361 1036 537 1121 Inquisicio
560 1046 656 1124 capta
679 1042 765 1125 apud
789 1042 947 1106 Sanctum
971 1042 1183 1106 Edmundnm
1206 1062 1314 1104 coram
1338 1040 1480 1103 Hearico
1504 1038 1545 1101 de
1575 1035 1728 1099 Elmham
1757 1038 1820 1097 etc.

318 1127 365 1200 (aa
381 1124 506 1204 before),
522 1148 580 1211 per
593 1127 615 1192 J
616 1128 776 1192 ohannem
790 1129 831 1192 ds
846 1129 1019 1209 Thurston,
1037 1130 1225 1193 Hernicium
1241 1126 1443 1205 marmana,
1454 1125 1639 1189 Gilbertum
1654 1120 1820 1199 Herward,

315 1209 335 1271 J
337 1210 496 1275 ohannem
513 1214 703 1293 Maumond,
718 1215 896 1281 Robertum
912 1216 943 1281 le
959 1216 1083 1296 Pulter,
1099 1215 1283 1281 Johannem
1298 1214 1422 1290 clavat,
1434 1213 1596 1299 Rogemm
1610 1217 1681 1275 atte
1698 1208 1818 1285 Grene,

316 1295 507 1364 Nicholaum
531 1302 632 1381 Gisel,
655 1303 831 1367 Henricum
857 1302 953 1383 Proh,
977 1304 1137 1367 Thomam
1164 1303 1357 1385 Fraunceys,
1381 1298 1583 1383 Stephanum
1611 1297 1757 1375 Bakoun,
1782 1301 1817 1358 et

317 1384 419 1447 Adam
435 1386 474 1449 de
489 1386 666 1467 Throuton‚
680 1392 738 1473 qui
753 1391 868 1454 dicunt
883 1411 980 1475 super
995 1394 1231 1454 sacramentum
1247 1410 1343 1453 suum
1359 1388 1444 1474 quod
1455 1412 1509 1453 :—

359 1560 536 1644 Episcopus
555 1563 689 1627 tiliensis
704 1569 999 1629 tenettenementa
1014 1567 1121 1629 suain
1138 1566 1370 1630 Ranxmsnann
1386 1563 1426 1626 de
1441 1562 1575 1627 domino
1596 1579 1670 1643 rege
1693 1559 1744 1622 i.c.
1760 1577 1819 1641 per

314 1646 378 1709 tria
400 1649 561 1731 quarteria
582 1649 604 1715 1.
621 1673 666 1718 m.
681 1652 767 1734 quod
794 1652 880 1716 idem
904 1654 1073 1736 episcopus
1094 1653 1257 1736 quondam
1284 1651 1391 1714 tenuit
1405 1651 1441 1712 in
1456 1649 1545 1712 dicta
1558 1646 1636 1710 villa
1651 1645 1693 1709 de
1707 1645 1819 1708 eodem

313 1752 346 1796 re
370 1754 400 1799 e.

345 1754 531 1912 gHernicius
560 1848 751 1915 Thnrmond
781 1857 873 1917 tenet
897 1852 924 1937 j.
955 1853 1157 1937 quarterium
1188 1851 1210 1916 f.
1240 1872 1286 1917 m.
1316 1849 1357 1914 de
1394 1848 1526 1911 domino
1554 1846 1703 1929 episcopo
1732 1843 1819 1929 quod

315 1934 486 1999 Hervicius
501 1934 690 2001 Thurmond
705 1940 867 2022 quondam
882 1942 993 2004 tenuit
1008 1942 1043 2003 in
1058 1940 1171 2003 eadem
1187 1938 1265 2002 villa
1279 1940 1320 2001 de
1334 1936 1449 2002 eodem
1462 1936 1620 2017 episcopo.

357 2072 517 2159 Georgius
539 2073 580 2139 de
604 2075 700 2141 Halle
726 2080 818 2140 tenet
845 2098 886 2144 nn
903 2078 1119 2145 Wonaasnnn
1146 2077 1182 2138 in
1208 2076 1441 2141 Bammsnama
1468 2093 1526 2155 pro
1540 2071 1585 2136 di.
1602 2072 1624 2136 f.
1642 2070 1682 2133 de
1698 2070 1816 2154 Egidio

312 2159 424 2311 3321
434 2162 657 2334 effligimon
682 2163 768 2227 filins
794 2164 863 2228 Ade
888 2166 928 2229 dc
952 2165 1158 2229 Rattlisdene
1181 2162 1344 2247 quondam
1368 2160 1477 2225 tenuit
1501 2161 1535 2222 in
1552 2158 1668 2222 eadem
1684 2159 1763 2221 villa
1776 2158 1815 2220 de

355 2382 519 2449 Johannes
534 2386 564 2450 le
580 2385 697 2450 Baillif
707 2391 741 2450 et
756 2387 941 2453 Willelmus
967 2387 997 2449 le
1021 2386 1101 2451 Bret
1127 2393 1242 2451 tenent
1266 2386 1447 2450 manerium
1474 2386 1514 2449 de
1540 2386 1756 2452 Daanxlsxon
1776 2386 1817 2449 de

312 2471 443 2535 domino
466 2494 540 2559 rege
565 2474 616 2538 i.c.
632 2494 690 2557 per
712 2473 737 2560 j.
753 2474 776 2540 f.
793 2497 837 2542 m.
853 2475 939 2559 quod
962 2472 1104 2537 Thomas
1127 2475 1167 2539 de
1191 2474 1321 2559 Loveyn
1346 2474 1510 2558 quondam
1525 2475 1637 2537 tenuit
1652 2476 1687 2535 in
1703 2474 1815 2536 eadem

311 2558 389 2623 villa
403 2560 444 2623 ds
458 2562 571 2625 eodem
587 2580 674 2644 rege.

354 2696 468 2774 Elena,
490 2716 553 2781 que
578 2697 644 2759 fuit
669 2718 748 2761 uxor
772 2697 906 2765 Walteri
934 2698 1055 2775 Motis,
1081 2702 1173 2763 tanet
1196 2700 1232 2763 in
1258 2698 1418 2764 ansaan
1442 2699 1483 2761 de
1509 2697 1636 2761 Thoma
1664 2697 1817 2761 Morieux

311 2784 461 2866 quintam
485 2789 611 2867 partem
637 2783 661 2869 j.
677 2785 700 2847 1.
717 2806 763 2850 m.
779 2784 864 2869 quod
889 2783 1067 2851 Nicholaus
1089 2786 1129 2850 de
1156 2784 1308 2849 Falsham
1334 2787 1498 2871 quondam
1525 2787 1637 2849 tenuit
1651 2786 1686 2847 in
1702 2785 1815 2850 eadem

311 2871 388 2935 villa
401 2872 441 2934 de
458 2869 608 2935 Gilberto
624 2870 759 2937 Pecche.

353 3005 493 3071 Thomas
508 3006 656 3070 Morieux
670 3011 763 3071 tenet
789 3008 823 3071 in
849 3008 1008 3076 Tamania
1031 3010 1076 3075 di.
1093 3012 1115 3076 i.
1132 3032 1178 3077 m,
1194 3012 1234 3075 de
1256 3013 1372 3076 abbate
1399 3011 1510 3075 Sancti
1539 3011 1704 3075 Edmundi
1731 3011 1816 3096 quod

309 3094 408 3178 Hngo
423 3094 463 3157 de
478 3094 628 3157 Morieux
644 3095 808 3177 quondam
824 3098 934 3161 tenuit
950 3099 984 3161 in
1001 3099 1116 3161 eadem
1130 3098 1208 3161 villa
1224 3099 1264 3164 de
1279 3101 1393 3163 eodem
1408 3099 1533 3163 abbate.

351 3229 490 3295 Thomas
515 3229 754 3316 Mountchcnsy
769 3238 860 3297 tenet
884 3234 920 3297 in
948 3235 1152 3301 Baanasann
1178 3234 1333 3303 Sanctae
1355 3237 1380 3323 j.
1396 3236 1419 3301 f.
1436 3258 1481 3301 m.
1497 3236 1539 3299 de
1563 3234 1677 3297 abbate
1701 3235 1816 3299 Sancti

306 3319 473 3472 {offlam
487 3319 574 3403 quod
590 3317 754 3384 Johannes
768 3320 809 3385 de
825 3320 944 3386 Sancto
960 3322 1054 3387 Claro
1069 3323 1232 3408 qnondam
1246 3325 1357 3389 tenuit
1370 3326 1406 3387 in
1423 3323 1535 3387 eadem
1551 3322 1630 3385 villa
1644 3322 1686 3385 de
1701 3322 1815 3386 eodem

349 3516 489 3583 Thomas
503 3519 543 3583 de
558 3519 707 3583 verdoun
723 3526 817 3585 tenet
831 3522 868 3584 in
888 3522 1092 3589 Basnnnnnn
1119 3523 1294 3592 (1011110111
1316 3525 1361 3588 di.
1378 3524 1401 3586 1.
1417 3544 1462 3589 m.
1489 3522 1530 3585 de
1556 3520 1675 3585 abbate
1700 3519 1815 3584 Sancti

306 3606 473 3672 Edmundi
487 3607 574 3690 quod
588 3606 750 3671 Robertus
765 3609 889 3673 Pecche
905 3612 1069 3695 quondam
1083 3613 1194 3675 tenuit
1207 3613 1242 3673 in
1258 3610 1370 3675 eadem
1386 3611 1464 3673 villa
1478 3609 1518 3673 de
1533 3609 1646 3672 eodem
1661 3608 1789 3672 abbate.

349 3744 542 3809 Edmundus
557 3744 597 3808 de
614 3744 719 3831 Illegh
736 3751 826 3809 tenet
841 3747 875 3810 in
893 3747 1091 3814 Sanusnnnn
1106 3748 1151 3813 di.
1166 3749 1191 3813 1.
1207 3770 1253 3814 m.
1271 3748 1311 3811 de
1325 3748 1347 3811 J
1349 3750 1476 3811 ohanne
1491 3748 1560 3809 filio
1577 3744 1712 3807 Walteri
1728 3746 1814 3831 quod

305 3830 445 3895 Thomas
459 3832 499 3896 de
514 3831 620 3917 Illegh
636 3834 798 3916 quondam
815 3836 925 3897 tenuit
939 3837 974 3898 in
989 3837 1103 3899 eadem
1119 3835 1196 3900 villa
1212 3836 1252 3899 de
1269 3835 1410 3900 Roherto
1425 3835 1494 3897 filio
1509 3834 1656 3897 Walteri.

350 3967 512 4034 Johannes
535 3969 622 4033 filius
644 3969 803 4035 Johannis
828 3971 869 4035 de
895 3970 1070 4051 Rokwode,
1088 3973 1239 4057 junioris,
1254 3977 1347 4037 tenet
1374 3979 1498 4037 sextam
1522 3977 1645 4055 partem
1671 3971 1694 4035 1.
1710 3992 1756 4036 m.
1774 3972 1814 4035 de

305 4062 421 4209 {ciffi
433 4056 627 4209 ffiussdm.
643 4058 728 4142 quod
743 4058 935 4122 Edmundus
952 4060 1038 4145 Sapy
1053 4062 1216 4142 quondam
1232 4062 1341 4124 tenuit
1356 4061 1390 4123 in
1408 4061 1605 4127 sammaa
1632 4059 1672 4123 de
1696 4059 1815 4124 abbata

350 4256 500 4335 Matillis,
510 4257 672 4341 quondam
687 4279 766 4322 uxor
780 4258 870 4323 Petri
885 4259 915 4323 le
933 4260 1083 4337 Botiller‚
1093 4266 1187 4324 tenet
1202 4260 1314 4346 xxxiij.
1328 4270 1457 4345 partem
1472 4261 1496 4323 1.
1509 4281 1554 4326 m.
1564 4261 1599 4322 in
1611 4258 1722 4323 eadem
1735 4261 1813 4325 villa

304 4344 391 4427 quod
406 4344 597 4408 Edmundus
614 4344 699 4430 Sapy
714 4347 879 4423 quondam
895 4350 1004 4411 tenuit
1020 4348 1055 4411 in
1072 4348 1184 4412 eadem
1201 4349 1278 4411 villa
1294 4350 1333 4412 de
1349 4348 1465 4411 abbate
1481 4346 1593 4410 Sancti
1608 4346 1784 4413 Edmundi.

348 4480 489 4544 Mariota
503 4482 544 4545 de
559 4482 722 4547 Rokwode
737 4490 829 4548 tenet
843 4486 879 4548 in
899 4485 1120 4551 Scina-’sanna
1146 4508 1241 4552 xxxv.
1258 4492 1385 4569 partem
1411 4487 1435 4550 1.
1452 4506 1497 4550 m.
1512 4483 1598 4567 quod
1623 4484 1815 4549 Edmundus

306 4570 393 4651 Sapy
406 4569 570 4652 quondam
585 4572 695 4635 tenuit
709 4573 744 4634 in
758 4571 871 4635 eadem
889 4573 967 4636 villa
983 4574 1022 4635 de
1037 4572 1154 4636 abbate
1171 4574 1284 4637 Sancti
1300 4573 1476 4637 Edmundi.

349 4708 540 4773 Edmundus
554 4709 595 4773 ds
611 4709 717 4794 Illegh
733 4716 824 4775 tenet
840 4710 917 4797 iiij¹¹
938 4716 1067 4795 partem
1084 4712 1107 4777 1.
1121 4714 1156 4775 in
1174 4714 1394 4780 Snannsaanx
1411 4711 1496 4797 quod
1522 4709 1712 4774 Edmundus
1728 4708 1816 4795 Sapy

305 4795 468 4881 quondam
483 4799 592 4860 tenuit
605 4800 640 4861 in
657 4798 771 4861 eadem
787 4798 865 4863 villa
880 4799 921 4862 de
937 4798 1055 4863 abbate
1072 4798 1185 4863 Sancti
1201 4800 1377 4864 Edmundi.

347 4934 464 5013 1111011,
480 4956 541 5019 que
567 4935 632 4999 fuit
659 4956 736 4999 uxor
763 4933 923 4999 Johannis
946 4936 985 4999 de
1009 4935 1257 5015 Whelnetham‚
1274 4942 1364 5001 tenet
1379 4937 1412 4999 in
1429 4938 1674 5004 Waanxnnasn
1690 4935 1814 5000 Msoxa

304 5022 349 5086 di.
363 5023 386 5086 1.
398 5044 443 5087 m.
453 5022 493 5085 de
507 5022 622 5086 abbate
639 5021 753 5086 Sancti
768 5022 933 5086 Edmundi
949 5024 1035 5107 quod
1051 5023 1217 5089 Johannes
1232 5023 1510 5088 deWhelnetham
1526 5024 1688 5109 quondam
1704 5026 1812 5086 tenuit

303 5110 338 5171 in
354 5108 469 5173 eadem
487 5110 564 5173 villa
579 5110 619 5172 de
635 5110 749 5174 eodem
765 5110 891 5175 abbate.

347 5246 592 5310 Bartholomeus
615 5246 656 5309 ds
683 5244 881 5331 Burghassh,
904 5246 1031 5330 junior,
1049 5253 1141 5312 tenet
1169 5250 1203 5311 in
1219 5250 1465 5317 Wannxaxaass
1482 5248 1590 5313 Psava
1605 5246 1651 5311 di.
1667 5246 1690 5311 f.
1707 5268 1742 5311 m
1769 5248 1813 5310 de

303 5332 732 5487 Ὲῗθδέἒὲἑὲῖἷῗὸιιῒὲἀί
748 5333 834 5416 quod
860 5332 1029 5399 Johannes
1054 5337 1092 5399 de
1119 5334 1288 5419 Boylound
1312 5337 1475 5423 quondam
1501 5336 1611 5399 tenuit
1635 5335 1668 5395 in
1695 5334 1811 5399 eadem
